3746 5850
319 424 382 492 tat
912 419 1075 487 ORATOR

259 667 262 672 Ι
319 594 424 652 autem
457 583 570 652 eodem
600 585 697 652 modo
724 602 834 650 omnes
861 599 970 649 causas
997 585 1094 667 ages?
1130 588 1184 648 ant
1211 579 1339 670 aliquod
1360 597 1525 648 causarum
1547 599 1648 666 genam

318 682 520 766 repudiabis?
555 687 610 746 aut
640 678 674 744 in
702 679 822 743 eisdem
852 679 954 743 causis
980 684 1169 764 perpetuum
1199 684 1231 742 et
1253 674 1388 742 eundem
1411 675 1554 763 spiritum
1577 675 1645 742 sine

318 775 384 842 ulla
405 773 650 841 commutatione
672 769 851 838 obtinebis?
868 770 1115 856 ‘Demosthenes
1144 770 1287 858 quidem,
1324 772 1412 836 cuius
1442 790 1542 859 nuper
1563 773 1646 836 inter

318 870 471 954 imagines
499 879 568 935 tuas
590 889 626 933 ae
648 877 793 944 tuorum,
816 865 959 954 -quod
980 887 1053 932 eum
1074 868 1170 932 credo
1193 885 1314 932 amares
1327 900 1381 942 —,
1404 885 1476 932 cum
1498 862 1537 932 ad
1558 873 1590 930 te
1610 866 1645 930 in

295 966 532 1031 sTuscuianum
560 962 734 1039 venissem,
771 964 941 1046 imaginem
962 984 1003 1029 ex
1024 982 1098 1028 aere
1120 959 1204 1038 vidi,
1242 960 1320 1027 nihil
1341 959 1453 1048 Lysiae
1474 960 1645 1028 subtilitate

319 1062 416 1134 cedit,
440 1057 517 1124 nihil
538 1056 670 1142 argutiis
692 1063 724 1122 et
745 1054 888 1124 acumine
902 1055 1071 1143 Hyperidi,
1094 1055 1173 1122 nihil
1190 1055 1316 1124 levitate
1331 1054 1479 1122 Aeschini
1494 1062 1526 1122 et
1541 1055 1645 1142 splen·

318 1159 397 1222 dore
419 1157 602 1220 verborum.
649 1154 719 1221 111.
742 1151 857 1218 Multae
880 1161 952 1217 sunt
965 1151 1130 1218 eiustotae
1146 1152 1304 1218 orationes
1319 1149 1465 1228 subtiles,
1487 1159 1644 1218 utcontra

318 1249 502 1334 leptinem3
527 1245 643 1313 multae
664 1252 748 1311 totae
770 1262 897 1330 graves,
920 1254 955 1311 ut
976 1245 1128 1331 quaedam
1150 1247 1362 1332 Philippicae;
1384 1246 1503 1314 multae
1524 1245 1642 1324 variae,

319 1353 355 1409 ut
387 1351 495 1408 contra
524 1343 712 1407 Aeschinem
743 1338 840 1406 falsae
874 1339 1056 1426 legationis,
1092 1353 1127 1408 ut
1162 1350 1272 1408 eontra
1301 1344 1436 1408 eundem
1464 1363 1523 1429 pro
1551 1361 1644 1408 causa

281 1436 542 1524 ssctesiphcntis.
587 1439 652 1501 lam
678 1433 755 1501 illud
785 1437 922 1502 medium
950 1433 1075 1521 quoties
1104 1434 1172 1502 vult
1199 1435 1311 1521 arripit
1341 1443 1374 1502 et
1405 1457 1425 1500 a
1457 1435 1644 1520 gravissimo

320 1530 483 1599 discedens
516 1551 554 1597 co
594 1531 793 1618 potissimum
827 1529 993 1599 delabitur.
1049 1530 1209 1595 Clamores
1241 1540 1345 1596 tamen
1378 1538 1443 1596 tum
1472 1536 1580 1594 movet
1612 1538 1645 1595 et

318 1635 385 1693 tum
407 1626 441 1692 in
463 1624 596 1693 dicendo
619 1625 790 1712 plurimum
813 1623 924 1702 efficit,
958 1643 1028 1690 cum
1051 1624 1212 1710 gravitatis
1233 1623 1312 1690 locis
1333 1628 1441 1695 utitur.
1485 1628 1556 1690 tta.
1581 1617 1644 1692 Sed

319 1719 359 1787 ab
387 1719 448 1787 hoo
476 1740 646 1808 parumper
675 1716 840 1794 abeamus,
874 1716 1129 1805 quandoquidem
1158 1721 1198 1784 de
1227 1740 1358 1804 genere,
1395 1741 1459 1785 non
1481 1718 1520 1786 de
1542 1719 1645 1786 homi·

319 1837 380 1894 ue,
411 1818 611 1901 quaerimus:
645 1815 692 1881 rei
714 1813 838 1900 potius,
867 1816 984 1891 idest,
1014 1813 1213 1900 eloquentiae
1241 1814 1305 1881 vim
1326 1824 1358 1880 et
1378 1823 1521 1881 naturam
1544 1817 1644 1899 expli-

280 1929 437 1978 ssoemus.
487 1908 569 1976 lllud
604 1918 729 1985 tumen,
764 1910 850 1994 quod
882 1909 944 1972 iam
978 1916 1050 1973 ante
1082 1907 1237 1984 diximus,
1274 1909 1525 1986 meminerimus,
1564 1907 1643 1975 nihil

318 2026 379 2072 nos
410 2004 625 2091 praecipiendi
659 2022 753 2069 causa
785 2024 854 2068 esse
888 2000 1027 2068 dicturos
1062 2010 1156 2088 atquc
1187 2007 1230 2068 ita
1273 2002 1377 2087 potius
1417 2012 1562 2078 acturos,
1608 2012 1644 2070 ut

320 2099 549 2166 existimatores
585 2095 750 2164 videamur
788 2095 894 2183 loqui,
932 2117 997 2162 uun
1027 2099 1181 2182 magistri.
1226 2100 1263 2164 in
1292 2119 1356 2185 quo
1384 2106 1488 2164 umen
1520 2097 1643 2185 longius

318 2195 556 2283 progredimur,
590 2196 676 2280 quod
702 2191 845 2259 videmus
877 2211 942 2256 nou
975 2200 1006 2257 te
1039 2195 1116 2258 haec
1148 2196 1250 2259 solum
1284 2215 1353 2261 esse
1385 2196 1560 2271 lecturum,
1590 2197 1642 2284 qui

320 2311 358 2354 ea
391 2290 489 2355 multo
523 2309 617 2376 quam
650 2307 725 2363 nos,
772 2285 828 2371 qui
862 2287 951 2371 qussi
991 2289 1106 2353 docere
1141 2290 1319 2366 videamur,
1354 2287 1472 2354 habeas
1500 2292 1641 2369 notiora3

280 2386 375 2452 soseu
397 2382 480 2450 hunc
501 2382 616 2449 librum
638 2382 761 2448 etiamsi
783 2380 887 2447 minus
914 2388 1022 2448 nostra
1048 2384 1337 2460 commendatione,
1371 2392 1426 2449 tuo
1455 2391 1560 2450 umen
1585 2403 1644 2451 nc-

319 2481 403 2546 mine
424 2478 579 2566 divulgari
602 2499 730 2544 necesse
752 2485 808 2546 est.
1241 2469 1246 2480 '

405 2577 537 2641 xxxss.
561 2577 632 2639 113.
667 2578 745 2640 Esse
766 2572 863 2658 igitur
882 2573 1022 2660 perfecte
1044 2571 1220 2661 eloquentis
1241 2581 1336 2657 puto,
1365 2594 1429 2639 non
1451 2593 1519 2640 eam
1541 2576 1642 2642 solum

318 2669 496 2739 facultatem
517 2673 651 2744 habere,
674 2690 756 2756 quae
778 2669 819 2733 sit
839 2667 907 2733 eius
920 2670 1066 2754 propria,
1089 2669 1159 2734 fuse
1173 2667 1297 2755 lateque
1313 2667 1455 2746 dicendi,
1477 2669 1642 2736 sedetiam

317 2766 451 2836 vicinam
475 2767 543 2832 eius
564 2773 659 2848 atque
681 2762 844 2828 finitimam
867 2761 1103 2829 dialecticorum
1129 2762 1291 2829 seientiam
1311 2784 1482 2830 assumere.
1527 2767 1644 2843 Quam·

250 2927 251 2934 ,
280 2881 411 2953 ssquasn
434 2861 519 2927 aliud
541 2859 666 2926 videtur
688 2856 790 2923 oratio
813 2877 899 2933 esse,
937 2857 1021 2923 aliud
1043 2857 1226 2942 disputatio,
1261 2879 1319 2925 nee
1342 2857 1425 2926 idem
1446 2858 1533 2948 loqui
1556 2882 1641 2933 esse.

319 2961 405 3047 quod
426 2956 548 3033 dicere;
585 2961 722 3019 attamen
747 2960 919 3038 utrumque
945 2951 977 3016 in
1000 2949 1183 3018 disserendo
1205 2960 1263 3018 est.
1304 2951 1488 3040 Disputandi
1510 2957 1590 3021 ratio
1612 2964 1644 3020 et

317 3049 469 3141 loquendi
497 3048 730 3115 dialecticorum
760 3049 817 3124 sit;
849 3054 1013 3112 oratorum
1040 3055 1145 3114 autem
1175 3046 1297 3113 dicendi
1320 3056 1352 3114 et
1373 3048 1513 3116 ornandi.
1558 3055 1641 3116 Zeno

319 3148 448 3236 quidem
468 3145 539 3221 ille,
562 3162 658 3228 aquo
681 3140 841 3228 disciplina
864 3142 1041 3207 Stoicorum
1063 3148 1129 3218 est,
1153 3162 1249 3208 manu
1270 3144 1486 3209 demonstrare
1508 3143 1640 3221 solebat,

319 3244 396 3328 quid
418 3245 501 3306 inter
520 3242 576 3303 has
599 3243 682 3300 artes
702 3237 880 3300 interesset.
924 3237 1003 3301 Nam
1025 3255 1096 3300 cum
1118 3245 1346 3324 compresserat
1359 3235 1474 3322 digitos
1489 3259 1643 3324 pugnum·

281 3355 381 3422 acque
401 3332 538 3408 fecerat,
562 3330 756 3397 dialecticam
779 3332 882 3396 aiebat
904 3332 1060 3396 eiusmodi
1081 3351 1170 3410 esse;
1202 3340 1401 3397 comantem
1424 3332 1589 3399 diduxerat
1611 3341 1643 3399 et

318 3450 445 3498 manum
479 3427 682 3503 dilataverat,
720 3422 844 3508 palmae
876 3423 961 3489 illius
993 3423 1127 3490 similem
1159 3425 1371 3513 eloquentiam
1402 3447 1471 3493 esse
1505 3426 1639 3494 dicebat.

320 3527 392 3591 ttt.
427 3528 528 3609 Atque
556 3523 649 3586 etiam
677 3528 749 3585 anto
775 3523 857 3584 hune
882 3518 1066 3585 Aristoteles
1100 3520 1253 3607 principio
1275 3521 1350 3587 artis
1372 3520 1545 3588 rhetoricae
1567 3525 1643 3589 dicit

317 3619 402 3686 illam
417 3626 516 3684 artem
532 3617 621 3703 quasi
643 3636 684 3680 er
706 3613 802 3679 altera
824 3623 912 3698 parte
935 3616 1126 3700 respondero
1148 3617 1349 3692 dialecticae,
1373 3625 1408 3682 ut
1422 3615 1483 3683 hoc
1498 3617 1643 3684 videlicet

319 3713 464 3781 differant
484 3711 568 3777 inter
589 3730 640 3786 se,
675 3707 760 3795 quod
781 3707 859 3775 haec
879 3711 961 3774 ratio
984 3707 1108 3774 dicendi
1129 3709 1223 3777 latior
1244 3712 1299 3786 sit,
1321 3709 1376 3776 illa
1396 3712 1546 3797 loquendi
1568 3732 1642 3779 eon-

279 3811 458 3879 sstractior.
500 3805 581 3874 Volo
606 3805 702 3890 igitur
730 3805 802 3868 huic
834 3823 956 3868 summo
986 3823 1132 3879 amnem,
1170 3825 1251 3890 quae
1281 3804 1321 3871 ad
1354 3805 1521 3874 diceuduin
1559 3807 1640 3872 trahi

317 3905 436 3990 possit,
466 3899 616 3987 loquendi
643 3900 797 3964 rationem
826 3918 894 3963 esse
922 3906 1047 3976 notam3
1086 3919 1167 3986 quae
1188 3902 1316 3986 quidem
1337 3921 1401 3976 res,
1433 3900 1518 3988 quod
1539 3910 1571 3966 te
1591 3901 1641 3967 his

318 4001 439 4069 artibus
457 3997 617 4062 eruditum
638 3993 768 4060 minime
789 3990 880 4067 fallit,
903 3990 1060 4079 duplicem
1082 3990 1193 4059 habuit
1213 3993 1349 4061 docendi
1369 3998 1463 4062 viarm
1508 4000 1585 4061 Nam
1611 4006 1643 4062 et

317 4095 385 4182 ipse
407 4091 591 4158 Aristoteles
613 4087 741 4154 tradidit
761 4095 928 4174 praecepta
955 4088 1090 4174 plurima
1119 4086 1294 4155 disserendi
1316 4098 1348 4155 et
1367 4101 1476 4178 postea
1499 4093 1553 4177 qui
1575 4093 1642 4158 dia-

385 4313 412 4363 3.
433 4310 529 4363 seuam
547 4307 644 4362 Gu..i.
663 4307 713 4359 3.ι
734 4307 826 4357 iisdem
843 4318 903 4359 cum
922 4307 978 4357 sliis
998 4308 1027 4359 ll·
1049 4333 1080 4344 -
1101 4310 1127 4361 5.
1147 4310 1291 4361 subtilitati
1309 4311 1383 4362 litus.
1397 4310 1436 4370 l),
1457 4310 1508 4361 Gn.
1530 4318 1592 4363 tres.
1609 4337 1638 4349 -

318 4385 344 4438 3.
364 4383 479 4436 acumini
499 4381 573 4432 litus.
594 4381 641 4431 ltr.
662 4377 715 4429 Gn.
735 4381 761 4428 1.
782 4378 810 4426 3.
833 4403 861 4414 -
882 4377 987 4428 lecticis
1005 4380 1072 4430 ven.
1092 4393 1164 4432 sec-s
1198 4381 1300 4431 levitati
1318 4381 1391 4431 litus.
1412 4382 1478 4434 Veu.
1501 4393 1558 4442 pr.,
1578 4383 1641 4432 leni·

317 4463 373 4508 scis
391 4453 526 4506 camsilis
544 4451 599 4502 RE.
622 4470 654 4488 -
684 4449 710 4500 8.
732 4447 829 4499 mattos
847 4454 871 4500 st
889 4453 960 4499 totus
978 4448 1031 4511 titt.
1059 4451 1131 4500 titus
1152 4450 1227 4501 hicn·
1254 4451 1305 4502 Gu.
1326 4453 1352 4501 2.
1373 4453 1406 4502 li.
1438 4451 1483 4514 (Ut
1501 4466 1567 4510 nos,
1587 4452 1634 4500 tir.

317 4527 369 4578 tiu.
390 4527 416 4575 t.
436 4523 475 4582 a.)
494 4547 525 4558 -
552 4523 595 4573 tt.
617 4519 772 4571 descendens
790 4519 946 4578 Schutztus,
973 4522 1049 4582 prou.
1071 4519 1174 4573 lietera·
1206 4543 1227 4555 -
1260 4523 1304 4570 12.
1324 4525 1489 4584 pravissimis
1507 4524 1529 4572 A
1548 4525 1640 4573 ceteri·

318 4611 371 4660 que
390 4594 550 4656 interpolati.
572 4592 666 4642 -15.
696 4590 763 4640 ssilss'l
791 4591 864 4640 Eius.
886 4590 938 4642 (iu.
959 4591 985 4640 1.
1004 4591 1043 4641 R:
1067 4592 1107 4641 nil
1127 4593 1157 4642 u.
1177 4591 1272 4640 -13,
1294 4605 1345 4644 ssss
1364 4594 1478 4644 dicturos
1496 4593 1548 4642 vu.
1565 4593 1638 4644 Eius.

318 4669 371 4721 Gn.
392 4667 418 4716 2.
440 4665 492 4715 Est.
514 4665 555 4714 lis
574 4664 693 4714 dicturos
711 4659 776 4725 (om.
798 4659 860 4724 esse)
879 4661 931 4712 tiu.
953 4661 1031 4712 311.
1052 4685 1082 4697 -
1103 4663 1146 4712 17.
1168 4661 1357 4713 existimaretis
1375 4667 1407 4714 A.
1428 4685 1459 4698 -
1489 4665 1641 4732 magisterio

317 4741 352 4792 A.
373 4743 404 4799 ⁴,-
437 4735 479 4787 17.
501 4735 605 4801 longius
623 4745 700 4798 saepe
718 4733 902 4798 progredimur
921 4733 981 4784 Vct.
1004 4732 1096 4793 steph.
1118 4733 1163 4783 Dr.
1184 4731 1236 4782 tiu.
1257 4741 1324 4792 tres,
1346 4734 1398 4785 Eri.
1422 4758 1450 4770 -
1484 4735 1526 4785 13.
1547 4738 1591 4799 qui
1609 4749 1640 4785 ec

318 4811 413 4860 docere
430 4805 551 4856 videmur
568 4807 606 4864 A,
626 4805 672 4868 qai
688 4818 719 4854 ea
737 4803 828 4854 dcem
844 4803 983 4855 mdsumur
1000 4804 1111 4861 Lamia..
1131 4805 1176 4868 qui
1193 4806 1268 4866 quoae·
1286 4804 1393 4855 edocere
1410 4805 1545 4855 videamur
1560 4807 1591 4854 u.
1608 4829 1637 4842 -·

318 4873 1111 4934 2a.mlichanosmeson.sauu.1.,0m.n.
1144 4875 1189 4936 (Ut
1214 4887 1281 4933 nus,
1313 4875 1396 4933 litus.)
1425 4898 1455 4911 -
1487 4877 1531 4926 31.
1551 4877 1640 4925 oratio

320 4957 385 5007 toro.
404 4945 465 5010 sess)
484 4947 556 4998 litus.
579 4972 607 4985 -
628 4946 701 5010 loqui
719 4945 781 5009 (orn.
801 4941 863 4998 sssel
881 4945 933 4994 tiu.
952 4945 1024 4995 3.-
1044 4945 1088 4994 tt.
1108 4945 1257 4994 Assiasmndi
1277 4945 1347 4996 Eius.
1367 4947 1441 4998 Meu.
1462 4945 1514 4998 Gu.
1527 4947 1552 4996 3.
1567 4947 1594 4995 3.
1607 4971 1639 4982 -

201 5019 206 5038 '
320 5021 364 5073 31.
385 5019 457 5070 arctas·
475 5030 535 5070 eum
555 5019 628 5069 lthsis
647 5017 687 5066 li:
708 5017 782 5066 trodt
800 5027 859 5066 eum
878 5016 948 5068 Vsu.
967 5028 1008 5079 pr·
1027 5015 1058 5066 ll.
1080 5039 1111 5052 -
1131 5015 1175 5066 36.
1194 5015 1285 5067 hebuit
1302 5017 1356 5068 vu.
1377 5017 1450 5068 Eius.
1471 5017 1518 5068 Dr.
1539 5017 1591 5067 Gu.
1612 5017 1638 5066 1.

320 5092 346 5146 2.
365 5091 440 5147 hicn·
459 5089 502 5142 lis
521 5090 598 5144 tutet
614 5088 675 5143 Yet.
695 5085 788 5151 steph.
810 5085 862 5138 Gn.
881 5085 908 5139 3.
928 5087 959 5136 ti.
