3720 5840
549 469 602 534 DE
625 467 871 535 INVENTIONE
893 469 968 535 LlB.
991 467 1017 535 l.
1064 470 1097 535 C.
1123 471 1152 535 1.
1176 471 1206 536 ἓ.
1230 473 1261 535 3.
1522 470 1563 536 89

242 633 325 718 agris
353 628 496 696 homines
525 629 640 715 passim
675 629 846 696 bestiarum
878 633 971 696 modo
1004 635 1197 716 vagabantur
1226 637 1258 696 et
1289 632 1349 696 sibi
1377 632 1463 696 victu
1492 629 1560 696 fero

242 731 338 794 vitam
361 726 592 812 propagaban13
625 729 822 790 uectatione
851 725 947 789 animi
968 726 1158 812 quidquam,
1192 727 1248 791 sed
1269 729 1420 810 pleraque
1441 723 1561 791 viribus

243 821 385 906 corporis
411 819 679 898 administrabant;
713 823 849 885 nondum
873 821 996 884 divinae
1018 820 1200 906 religionis,
1234 841 1297 885 non
1318 818 1446 884 bumani
1467 817 1561 884 officii

241 919 322 984 ratio
344 915 520 993 colebatur3
558 935 651 980 nemo
672 917 795 1001 nuptias
816 914 938 980 viderat
960 917 1133 998 legitimas3
1170 934 1234 979 non
1263 922 1364 980 certos
1395 915 1560 999 quisquam

241 1016 421 1098 inspexerat
442 1006 574 1090 liberos3
599 1031 681 1086 non,
705 1009 754 1074 ius
776 1010 938 1095 aequabile
960 1009 1036 1095 quid
1058 1009 1198 1074 utilitatis
1213 1008 1359 1086 haberet,
1384 1016 1584 1094 acceperate

241 1111 287 1172 lta
308 1113 436 1192 propter
470 1125 609 1168 errorem
642 1113 735 1189 atque
769 1104 964 1170 inscientiam
995 1125 1085 1168 caeca
1117 1125 1153 1168 ac
1183 1105 1348 1169 temeraria
1369 1101 1561 1169 dominatrix

242 1201 338 1270 animi
360 1197 513 1284 cupiditas
534 1197 574 1263 ad
595 1219 630 1262 se
651 1198 838 1284 explendam
861 1198 979 1264 viribus
1001 1197 1143 1283 corporis
1172 1201 1376 1274 abutebatur,
1407 1197 1563 1284 pernicio·
1697 1233 1713 1289 s

241 1294 373 1365 sissimis
406 1292 599 1382 sateffltibus.
657 1295 726 1371 Quo
759 1302 901 1378 tempore
934 1292 1080 1378 quidam,
1114 1313 1244 1376 magnus
1274 1292 1421 1357 videlicet
1452 1292 1501 1357 vir
1530 1301 1561 1358 et

242 1396 384 1476 sapiens,
420 1387 584 1472 cognovit,
614 1409 693 1475 quae
716 1390 862 1454 materies
884 1397 915 1452 et
936 1395 1050 1473 quanta
1071 1388 1110 1451 ad
1132 1386 1283 1452 maximas
1305 1408 1355 1451 res
1378 1381 1561 1472 opportuni-

241 1497 289 1552 tas
322 1486 354 1548 in
387 1481 498 1546 animis
520 1480 636 1574 inesset
668 1479 844 1560 bominum,
881 1481 906 1546 si
937 1482 1005 1566 quis
1036 1503 1104 1546 eam
1127 1488 1234 1564 posset
1262 1485 1374 1546 elicere
1408 1490 1440 1546 et
1470 1501 1597 1566 prae-av
1660 1468 1739 1562 sss

242 1581 385 1666 cipiendo
407 1567 744 1656 meliorem'reddere3
779 1575 833 1660 qui
862 1578 1020 1662 dispersos
1041 1576 1182 1641 homines
1204 1576 1236 1641 io
1258 1574 1341 1661 agris
1364 1576 1448 1642 etin
1470 1577 1560 1644 tectis

241 1675 436 1744 silvestribus
468 1669 591 1735 abditos
619 1671 740 1736 ratione
770 1673 904 1758 quadam
936 1669 1087 1754 compulit
1113 1691 1210 1734 unum
1240 1670 1271 1736 in
1302 1671 1403 1736 locum
1432 1680 1464 1738 et
1485 1692 1560 1737 con-

241 1769 383 1862 gregavit
404 1773 436 1830 et
457 1786 511 1830 eos
531 1765 564 1830 in
586 1785 856 1852 unamquamque
879 1786 946 1830 rem
968 1765 1118 1831 inducens
1139 1765 1247 1829 utilem
1269 1773 1363 1851 atque
1397 1771 1560 1833 honestam

218 1871 342 1954 primo
370 1868 499 1949 propter
525 1860 722 1926 insolentiam
752 1864 974 1935 reclamantes,
1005 1858 1120 1924 deinde
1140 1867 1270 1945 propter
1290 1862 1444 1926 rationem
1466 1870 1560 1949 atque

241 1960 415 2042 orationem
437 1952 604 2020 studiosius
638 1958 801 2021 audientes
831 1976 872 2020 ex
900 1955 976 2018 feris
998 1964 1030 2019 et
1050 1953 1237 2019 immanibus
1258 1957 1350 2020 mites
1371 1955 1508 2022 reddidit
1529 1965 1596 2022 etis

240 2062 426 2123 mansuetos.
469 2053 500 2114 3.
524 2052 569 2113 Ac
590 2050 666 2114 mibi
689 2049 814 2134 quidem
836 2054 961 2144 videtur
981 2054 1041 2115 boo
1062 2073 1121 2116 nec
1143 2051 1237 2115 tacita
1257 2072 1314 2116 uec
1329 2053 1419 2137 inops
1434 2050 1559 2118 dicendi
1632 2064 1659 2139 ,5Ι

240 2147 392 2238 sapientia
421 2143 572 2230 perlicere
600 2149 759 2228 potuisse,
793 2156 827 2211 ut
854 2149 996 2212 homines
1018 2167 1035 2210 a
1057 2145 1280 2212 consuetudine
1302 2147 1406 2212 subito
1429 2168 1559 2213 conver-

240 2252 321 2311 teret
342 2250 373 2307 et
394 2243 433 2305 ad
455 2238 593 2303 diversas
615 2240 697 2302 vitae
719 2240 857 2305 rationes
878 2244 1067 2306 traduceret.
1121 2245 1186 2325 Age
1209 2263 1305 2318 vero,
1329 2240 1460 2308 urbibus
1483 2262 1558 2307 con·

240 2341 376 2413 stitutis,
414 2343 449 2399 ut
479 2331 573 2399 fidem
604 2333 707 2398 colere
736 2343 768 2398 et
795 2334 945 2399 iustitiam
967 2338 1103 2399 retinere
1125 2337 1281 2399 discerent
1302 2342 1333 2399 ct
1354 2335 1422 2401 aliis
1444 2356 1558 2419 parere

240 2459 296 2504 sun
318 2431 477 2498 voluntate
500 2436 740 2494 consuescerent
761 2450 796 2493 ac
818 2448 882 2494 non
904 2432 998 2494 modo
1020 2431 1145 2494 labores
1168 2429 1369 2515 excipiendos
1385 2432 1595 2495 communisse

240 2529 397 2597 commodi
419 2545 528 2598 causa,
557 2526 612 2587 sed
635 2523 727 2587 etiam
750 2525 843 2588 vitam
865 2523 1066 2589 amittendam
1089 2526 1322 2590 existimarent:
1357 2521 1411 2609 qui
1432 2526 1558 2589 tandem

239 2626 306 2692 fieri
328 2621 449 2708 potuit,
473 2619 532 2683 nisi
553 2618 695 2682 homines
717 2638 771 2692 ea,
807 2619 1026 2705 quaeratione
1049 2618 1257 2694 invenissent,
1286 2618 1464 2704 eloquentia
1487 2638 1558 2701 per·

240 2717 370 2787 suadere
385 2715 579 2800 potuissent?
600 2711 745 2778 Proiecto
768 2734 861 2779 nemo
882 2713 942 2779 nisi
957 2713 1044 2797 gravi
1059 2734 1096 2779 ac
1111 2713 1199 2779 suavi
1214 2721 1387 2778 commotus
1402 2714 1556 2790 oratione,

240 2836 310 2880 cum
332 2808 450 2876 viribus
471 2806 641 2894 plurimum
663 2817 782 2892 posset,
816 2811 854 2872 ad
876 2811 924 2873 ius
946 2808 1096 2874 voluisset
1124 2811 1191 2872 sine
1219 2810 1250 2871 vi
1278 2806 1486 2884 descendere,
1524 2816 1558 2873 ut

238 2909 320 2975 inter
341 2925 419 2991 quos
441 2910 546 2989 posset
568 2901 735 2977 excellere,
771 2924 842 2967 cum
863 2903 912 2968 bis
933 2924 967 2968 se
989 2912 1147 2988 pateretur
1169 2905 1297 2990 aequari
1318 2911 1349 2968 et
1370 2924 1426 2968 sua
1448 2901 1594 2969 volun-ss

239 3011 300 3068 tate
323 3023 341 3066 a
363 2997 584 3064 iucundissima
605 2998 831 3061 consuetudine
853 2997 1035 3076 recederet,
1059 3019 1139 3086 quae
1153 2999 1336 3081 praesertim
1352 2997 1414 3062 iam
1428 3006 1555 3062 naturae

238 3101 302 3164 vim
335 3092 492 3160 obtineret
525 3099 656 3177 propter
685 3100 881 3157 vetustatem.
939 3096 983 3157 Ac
1012 3096 1114 3177 primo
1142 3092 1268 3179 quidem
1301 3095 1345 3156 sic
1375 3099 1407 3156 et
1434 3100 1504 3156 nata
1527 3101 1557 3156 et

238 3210 405 3277 progressa
434 3186 558 3270 longius
591 3186 767 3271 eloquentia
799 3185 920 3253 videtur
948 3195 980 3251 et
1010 3189 1084 3253 item
1113 3196 1222 3274 postea
1244 3185 1387 3252 maximis
1409 3185 1440 3252 in
1463 3186 1556 3253 rebus

237 3283 322 3371 pacis
344 3290 376 3348 et
396 3281 471 3346 belli
493 3302 563 3346 cum
586 3281 714 3346 summis
736 3281 895 3347 bominum
917 3281 1103 3348 utilitatibus
1126 3303 1194 3348 esse
1216 3291 1347 3347 versata.
1391 3283 1555 3368 Postquam

237 3399 313 3446 vero
335 3375 539 3442 commoditas
561 3375 735 3460 quaedam,
765 3397 862 3461 prava
884 3377 1006 3442 virtutis
1028 3377 1198 3470 imitatrix,
1230 3380 1296 3442 sine
1317 3375 1439 3441 ratione
1461 3375 1593 3441 olliciiso
1672 3422 1682 3440 .

238 3471 360 3540 dicendi
382 3471 504 3555 copiam
525 3479 691 3536 consecuta
712 3479 776 3548 est,
800 3481 865 3537 tum
886 3473 1012 3557 ingenio
1035 3471 1114 3536 lreta
1136 3471 1251 3536 malitia
1267 3478 1446 3557 pervertere
1461 3469 1556 3536 urbes

237 3578 269 3633 et
289 3569 367 3632 vitas
388 3569 549 3630 bominum
579 3562 763 3629 labefactare
792 3567 938 3632 assuevit.
983 3569 1036 3632 ΠΙ.
1066 3571 1166 3653 Atque
1195 3569 1286 3632 buius
1317 3585 1442 3653 quoque
1464 3587 1556 3632 exor-

238 3661 323 3728 dium
346 3658 434 3734 mali,
458 3658 604 3744 quoniam
626 3659 814 3745 principium
837 3658 910 3725 boni
934 3661 1084 3736 diximus,
1108 3661 1311 3745 explicemus.

322 3757 352 3819 lv.
378 3755 451 3822 Veri
472 3753 663 3819 simillimum
685 3753 760 3818 mibi
782 3752 905 3820 videtur
927 3759 1061 3840 quodam
1085 3766 1224 3841 ternpore
1245 3775 1348 3840 nequa
1368 3757 1402 3820 in
1423 3753 1555 3843 publicis

238 3852 333 3920 rebus
363 3850 495 3915 infantes
528 3856 559 3912 et
587 3848 768 3933 insipientes
797 3849 938 3915 homines
966 3850 1075 3914 solitos
1103 3871 1170 3914 esse
1199 3853 1316 3916 versari
1339 3870 1396 3915 nec
1417 3871 1492 3916 vero
1515 3849 1555 3914 ad
1564 3872 1592 3914 es

237 3953 374 4032 privatas
396 3964 503 4010 causas
524 3963 653 4029 magnos
676 3963 711 4007 ac
733 3942 865 4009 disertos
887 3943 1029 4010 bomines
1051 3950 1215 4022 accedere;
1238 3947 1293 4009 sed
1308 3964 1379 4009 cum
1393 3964 1410 4008 a
1426 3945 1555 4009 summis

236 4039 312 4106 viris
335 4037 487 4103 maximae
508 4059 559 4104 res
582 4037 893 4116 administrarentur,
924 4042 1060 4105 arbitror
1089 4040 1168 4105 alios
1190 4040 1284 4105 luisse
1306 4059 1369 4103 noo
1391 4038 1553 4104 incallidos

236 4133 394 4206 homines,
432 4133 486 4219 qui
512 4131 551 4198 ad
578 4152 688 4219 parvas
717 4137 948 4200 controversias
978 4137 1171 4219 privatorum
1194 4131 1387 4198 accederent.
1432 4132 1553 4210 Quibus

235 4227 268 4294 in
300 4227 521 4294 controversiis
551 4249 622 4292 cum
654 4248 747 4314 saepe
778 4249 796 4294 a
823 4233 985 4294 mendacio
1018 4239 1125 4295 contra
1155 4251 1264 4295 verum
1296 4237 1379 4294 stare
1408 4226 1551 4291 homines

236 4331 493 4398 consuescerent,
524 4319 648 4388 dicendi
669 4324 832 4389 assiduitas
854 4323 928 4388 aluit
951 4322 1126 4401 audaciam,
1158 4331 1193 4389 ut
1213 4324 1389 4388 necessario
1411 4321 1589 4407 superio-vv

236 4437 287 4482 res
309 4417 354 4482 illi
376 4425 504 4504 propter
524 4417 653 4482 iniurias
674 4417 789 4483 civium
810 4418 956 4484 resistere
978 4419 1145 4485 audacibus
1168 4426 1198 4483 et
1220 4416 1365 4504 opitulari
1386 4414 1450 4482 suis
1469 4418 1553 4502 quis·

305 4659 330 4708 1.
349 4670 421 4707 more
439 4656 473 4706 R.
510 4655 543 4706 Ut
561 4670 628 4718 noe,
658 4657 758 4706 VPAT.
789 4679 815 4692 -
845 4657 1103 4720 (stinatianam.
1123 4664 1178 4709 ent.
1199 4657 1284 4709 m.l’.
1304 4682 1337 4694 -
1366 4657 1394 4708 t.
1421 4658 1552 4721 bapalmas

235 4730 338 4780 otderut
356 4729 465 4790 carpetas
482 4727 514 4778 V·
533 4752 567 4763 -
595 4729 621 4778 5.
649 4729 798 4791 inspexerat
817 4729 886 4778 VAR
905 4737 931 4779 et
949 4742 1015 4780 corr.
1036 4737 1090 4778 ent.
1110 4742 1145 4779 nv.
1165 4729 1204 4780 P:
1233 4734 1372 4791 aspexerat
1390 4729 1410 4778 u
1430 4742 1488 4778 eum
1505 4729 1552 4779 llT

236 4807 263 4852 et
281 4813 319 4861 pr.
340 4797 370 4848 Ρ.
393 4823 421 4833 -
442 4798 469 4848 e.
489 4798 621 4848 cacavam
638 4798 694 4848 PR.
715 4800 775 4849 -9.
794 4802 913 4850 materies
930 4800 963 4850 V:
983 4801 1108 4848 materiae
1126 4800 1191 4859 ΔΤ,
1209 4801 1322 4850 materia
1341 4804 1406 4851 esset
1424 4799 1498 4849 rus.
1520 4825 1549 4840 ι-

236 4873 278 4922 10.
297 4873 327 4920 tn
343 4871 440 4920 aestmte
457 4871 551 4919 tueeset
566 4870 699 4920 bominum
711 4869 778 4920 VPll
790 4883 797 4918 a
817 4871 914 4920 animis
925 4872 1018 4920 tameat
1033 4870 1166 4919 bominum
1178 4871 1241 4933 ΔΤ,
1259 4872 1287 4919 tva
1306 4872 1401 4920 antarta
1419 4871 1552 4920 bominum

236 4946 364 5001 expuncta
383 4943 477 4992 smeret
495 4939 525 4990 s.
545 4940 638 4992 -16,
658 4941 705 4990 boa
723 4955 768 4992 aea
785 4943 867 4990 tacita
884 4939 989 4988 videtur
1007 4952 1021 4990 e
1037 4939 1120 4989 Codd.
1141 4939 1234 4992 Graec.
1254 4941 1288 4990 Ut
1301 4952 1363 5002 nov,
1382 4940 1505 4992 VPART.
1520 4964 1550 4977 -

235 5012 277 5062 18.
299 5014 416 5062 rationes
434 5013 506 5061 attae
527 5009 626 5059 Paua.
649 5011 683 5060 Ut
701 5025 766 5072 nos,
786 5011 819 5061 V.
841 5033 871 5046 -
891 5011 934 5060 25.
954 5011 992 5059 bv'e
1010 5009 1139 5060 VPART:
1158 5013 1190 5060 tte
1208 5011 1238 5061 Ε.
1256 5035 1285 5047 -
1305 5009 1349 5062 30.
1369 5007 1549 5076 commoditas]

234 5083 367 5133 eatb'dttae
385 5091 493 5134 auctore
509 5081 628 5131 ltvneetto
647 5079 708 5132 Scb.
746 5082 775 5131 ln
795 5081 814 5131 P
833 5081 916 5145 glossa
934 5082 1064 5141 adscrtptn
1083 5088 1122 5132 est
1138 5080 1272 5133 babttttae·
1309 5081 1407 5134 Flrmet
1426 5082 1550 5134 ttbrorum

235 5151 295 5205 leat.
314 5153 347 5207 V.
368 5178 397 5192 -
428 5152 473 5205 39.
491 5159 563 5206 ctare
581 5152 695 5205 bomem
712 5152 821 5204 essa:
840 5153 954 5203 tamtam
970 5155 1041 5203 stare
1060 5151 1091 5202 s.
