3720 5840
652 1307 1119 1405 Pltnltmlo.

801 1567 968 1583 ᾕ-

222 1814 520 1906 Praestantissimo
550 1835 694 1908 Codices
722 1857 795 1906 cum
825 1839 922 1906 nobis
952 1839 1152 1930 obtigissont
1189 1843 1223 1908 in
1245 1841 1356 1910 Libris
1384 1839 1436 1908 ud
1466 1840 1548 1908 lle-

223 1954 411 2032 rennium
446 1955 481 2020 et
513 1951 562 2020 de
592 1955 850 2020 Inventione
889 1953 1128 2039 rhetorica,
1172 1957 1205 2022 in
1236 1974 1277 2022 eo
1310 1954 1548 2024 elaborandum

225 2066 392 2150 duximus,
413 2069 451 2132 ut
472 2085 563 2134 nova
584 2069 679 2154 quast
701 2067 808 2134 formu
830 2087 936 2156 eaque
957 2069 1092 2135 meliore
1115 2088 1211 2156 quan
1233 2072 1334 2136 antea
1355 2087 1444 2138 nuno
1466 2089 1549 2156 pro-

225 2179 346 2248 dirent.
387 2174 477 2249 Sunt
499 2183 609 2248 autem
632 2182 665 2246 in
687 2180 797 2246 Litoris
819 2181 868 2248 ad
890 2183 1143 2251 Herennium
1165 2185 1219 2250 ln:

309 2293 337 2362 P
351 2312 394 2350 =
407 2293 609 2362 Parlslensis
620 2293 777 2362 Biblioth.
792 2293 879 2385 lteg.
891 2315 923 2362 n.
939 2293 1057 2364 7714.
1072 2288 1220 2380 (Fuerat
1231 2297 1359 2366 Claudii
1373 2289 1548 2380 Paterni.)
1644 2361 1648 2372 ,
1664 2261 1720 2371 ’.κ’
1785 2246 1809 2368 ἱἸΙ

224 2403 303 2477 Sec.
323 2406 386 2474 ΙΧ.
427 2403 626 2475 Sedunum
655 2407 783 2492 folium,
814 2408 903 2496 qnod
929 2413 1078 2478 continet
1106 2412 1251 2496 initium,
1280 2410 1358 2478 inde
1386 2429 1408 2478 a
1435 2412 1550 2478 verbis

224 2522 311 2590 Etsi
330 2527 369 2590 tn
389 2525 538 2609 nepotlts
563 2541 670 2608 usque
692 2521 735 2588 ad
756 2524 861 2590 verba
884 2524 1046 2612 deinceps
1068 2525 1111 2591 de
1131 2529 1369 2594 rrrstrccanoae
1391 2516 1449 2608 (S.
1472 2516 1550 2614 a),
1635 2589 1638 2597 ,

225 2637 450 2703 enecentiore
475 2655 573 2704 nanu
596 2636 719 2714 seculi,
740 2637 778 2702 ut
803 2635 954 2717 videtur,
976 2637 1139 2705 undecimi
1164 2639 1324 2722 scriptum
1348 2641 1410 2706 est
1452 2638 1551 2706 llunc

225 2753 361 2817 nostros
383 2751 417 2816 in
439 2769 520 2818 usus
541 2749 687 2818 lacobus
707 2748 880 2818 Escherus
902 2750 1112 2832 l'urieensis,
1145 2752 1289 2837 optimae
1310 2753 1384 2836 spei
1407 2752 1573 2838 iuvenis,⁴

226 2869 292 2932 taur
314 2867 472 2932 accurate
494 2865 657 2948 eontulit,
678 2863 759 2930 nillil
780 2865 818 2930 ut
840 2863 1020 2950 optandum
1042 2865 1140 2932 nobis
1160 2865 1376 2950 relinqueret.

309 2978 344 3046 A
366 2997 407 3034 =
429 2976 510 3046 coi.
531 2978 800 3068 Bamlrergensia
821 2997 853 3044 ιι.
875 2975 966 3046 420.
987 2975 1066 3046 See.
1087 2977 1132 3046 X.
1156 2969 1229 3058 (M.
1250 2978 1291 3046 V.
1313 2970 1372 3060 3.)

310 3093 340 3162 B
361 3111 404 3148 =
426 3075 508 3161 Cod.
529 3093 790 3183 Bambergensis
812 3093 899 3158 alter
920 3112 953 3158 n.
974 3090 1065 3160 lea.
1094 3088 1171 3160 Sec.
1198 3091 1298 3160 Xlll.
1331 3083 1402 3172 (Μ.
1426 3090 1467 3158 V.
1490 3082 1549 3174 8.)

227 3207 354 3276 Horum
375 3207 587 3274 collationem
618 3208 807 3291 accepimus
834 3223 855 3272 a
881 3205 1037 3291 Iaeclrio,
1070 3205 1152 3274 Viro
1174 3207 1358 3274 clarissimo
1381 3209 1483 3293 utque
1505 3204 1550 3272 ad

227 3320 373 3388 iuvanda
395 3320 591 3388 criticorum
614 3322 748 3406 incepta
770 3322 992 3406 maximopere
1014 3337 1147 3405 semper
1167 3325 1332 3406 prompto.

311 3435 403 3502 1⁴¹:
425 3431 507 3502 cod.
521 3434 783 3523 ‘Frisingensim
823 3452 912 3502 nune
944 3432 1173 3504 Monacensis.
1212 3429 1289 3502 Sec.
1322 3431 1386 3500 Xl.
1440 3434 1549 3500 liuius

227 3549 390 3616 lectiones
412 3547 583 3616 nobiseum
610 3548 793 3615 liberaliter
814 3548 1068 3616 communicavit
1091 3547 1129 3614 ll.
1149 3542 1375 3637 Spengelius,
1396 3547 1450 3616 vir
1477 3565 1550 3618 eum

227 3661 459 3750 doctissimus,
480 3666 548 3728 tum
571 3660 832 3728 humanissimus.

311 3775 345 3842 a
365 3795 408 3832 =
430 3772 512 3844 cod.
534 3775 670 3842 l'rossli.
692 3771 771 3846 sec.
793 3773 890 3866 xli,
914 3776 1007 3842 cuius
1029 3774 1226 3841 varietatem
1250 3793 1445 3860 possessor,
1466 3773 1552 3842 Lud.

228 3890 354 3967 l'ross,
380 3889 559 3981 diiigenter
581 3890 742 3956 enotavit.
768 3879 890 3970 (Neue
911 3887 1060 3956 aaaron.
1082 3885 1112 3970 f.
1134 3885 1262 3958 Plritol.
1290 3909 1324 3957 u.
1350 3886 1551 3978 Poedcpop.

228 4003 291 4074 ΙΧ.
315 4002 495 4092 supplem.
518 4001 554 4070 3.
575 4000 667 4090 Hesi
688 4025 719 4090 p.
741 3997 832 4070 426.
853 3994 970 4088 seqq.)
1097 3978 1106 4006 ⁸
1232 4029 1234 4034 ·

313 4117 404 4183 T:
427 4115 508 4184 Cod.
541 4115 752 4200 lunicensis,
798 4119 852 4204 qul
889 4117 1085 4184 asservatur
1127 4116 1162 4183 in
1196 4113 1297 4184 Urbis
1339 4113 1552 4184 bibliotheca.

229 4227 307 4301 See.
329 4231 412 4301 ΧΠ.

315 4346 412 4414 llune
434 4345 545 4414 denuo
566 4345 707 4414 eontulit
728 4345 895 4413 Ballerus.

313 4460 354 4527 ln
375 4461 469 4527 libris
490 4461 599 4527 autem
629 4458 677 4527 de
696 4460 962 4558 ¹inuentione⁸
980 4459 1195 4528 rhetorica
1216 4458 1375 4544 quattuor
1395 4455 1553 4544 fuerunt3

231 4578 322 4660 tres,
342 4593 446 4659 supra
468 4593 552 4660 quos
573 4551 825 4642 memoravimus
846 4572 893 4654 P,
916 4573 966 4652 R,
988 4572 1016 4638 Τ
1039 4577 1073 4638 et

314 4687 347 4754 A
368 4706 411 4742 =
433 4687 514 4754 Cod.
535 4688 848 4777 Angelomoniunus
867 4683 947 4783 See.
968 4685 1064 4766 xil,
1086 4705 1107 4752 a
1129 4685 1267 4752 Baitero
1290 4701 1461 4752 exeussus.
1545 4718 1557 4752 ι,
1591 4635 1664 4752 scr
1787 4723 1790 4733 ·

313 4771 383 4868 la'm
406 4821 480 4870 oum
502 4801 598 4868 huius
626 4820 728 4868 curae
760 4802 856 4890 leges
886 4805 988 4886 utque
1015 4799 1097 4866 liner
1129 4817 1198 4864 non
1232 4796 1477 4880 concederent,
1514 4801 1552 4865 ut
1726 4846 1732 4859 .
1805 4824 1836 4852 -·

231 4919 323 4982 totus
344 4921 460 4983 noster
481 4919 663 5012 apparatus
689 4916 825 4983 criticus
850 4915 884 4978 in
904 4931 976 4981 cam
1002 4914 1223 4997 reciperetur,
1251 4913 1415 4978 noluimus
1441 4917 1552 4978 tanen

231 5049 305 5098 eum
326 5031 360 5096 in
380 5031 514 5098 seriniis
543 5030 668 5113 lrrtere,
697 5028 759 5096 sed
790 5029 908 5114 partlm
939 5029 973 5092 in
1004 5026 1106 5091 futuri
1135 5025 1274 5092 editorlr
1299 5044 1409 5114 usum,
1432 5027 1552 5111 partim

231 5146 351 5234 etlam,
392 5161 435 5214 ue
464 5145 520 5216 eui
550 5143 712 5238 graviora
740 5140 901 5230 qmedum
933 5141 1085 5208 omisisse
1116 5139 1173 5206 vel
1201 5141 1393 5232 neglexisse
1415 5139 1553 5208 videre-
