3746 5850
766 420 804 486 c:
824 423 878 522 ar.
901 423 953 486 aa.
977 423 1030 489 aa.
1497 424 1560 492 teo

232 583 317 648 mine
338 581 493 670 sapientia
513 580 688 682 appellatur
695 627 705 659 ,
739 585 819 680 bnpp
846 581 976 650 scientia
1002 582 1101 670 pollet
1120 567 1223 677 una.)
1237 585 1330 666 Quae
1346 605 1424 653 vero
1449 589 1559 652 mode-
1662 637 1683 656 ,.

230 676 338 744 randis
359 676 578 765 cupiditatibus
598 675 807 763 regendisque
827 677 926 753 animi
947 677 1085 745 motibus
1106 679 1264 755 laudatur,
1287 685 1355 748 eius
1377 689 1426 748 est
1443 702 1558 747 munus

231 773 265 837 in
292 770 432 857 agend03
470 773 521 837 cui
550 773 774 858 temperantiae
802 794 919 839 nomen
948 780 1006 838 θεῖ.
1049 775 1152 862 Atque
1174 773 1229 840 illa
1249 777 1416 860 prudentia
1437 778 1470 842 iu
1492 777 1559 844 suis

231 865 327 936 rebus
358 865 546 942 domestica,
579 869 612 933 iu
640 865 773 952 publicis
802 867 902 934 civilis
929 867 1080 954 appellari
1110 868 1203 934 solet.
1248 873 1302 936 77.
1336 870 1558 958 Temperantia

231 972 337 1029 autem
358 962 392 1028 iu
412 981 485 1027 suas
507 960 617 1028 itidem
638 982 690 1027 res
712 969 744 1028 et
765 964 798 1029 in
819 981 1001 1029 communes
1024 961 1190 1030 distributa
1212 971 1261 1030 est
1280 963 1466 1054 duobusque
1489 987 1585 1032 mo-a

231 1059 450 1124 dicionebus
473 1055 648 1123 commodis
670 1057 877 1134 discernitur,
902 1065 934 1124 et
955 1079 1012 1135 ea,
1035 1079 1117 1145 quas
1139 1056 1270 1138 absunt,
1295 1079 1359 1127 nou
1381 1060 1557 1148 expetendo

231 1162 263 1219 et
283 1151 323 1218 ab
344 1151 401 1228 iis,
432 1172 512 1238 quae
535 1155 567 1217 iu
589 1161 747 1236 potestate
768 1162 860 1232 sunt,
888 1152 1087 1220 abstinendo.
1131 1156 1167 1220 ln
1188 1153 1286 1221 rebus
1308 1163 1413 1223 autem
1436 1159 1559 1222 incern-

230 1247 333 1315 modis
355 1256 402 1313 est
422 1246 531 1312 itidem
553 1249 687 1335 duplex;
709 1264 885 1339 nampquae
906 1247 1107 1315 venientibus
1128 1249 1217 1316 malis
1240 1253 1361 1327 obstat,
1384 1249 1556 1330 fortitudo,
1641 1263 1701 1344 „p

231 1364 327 1436 quap,
361 1344 446 1428 quod
472 1343 534 1406 iam
557 1344 664 1419 adest,
701 1344 815 1410 tolerat
836 1352 867 1409 et
888 1341 1023 1431 perfert,
1058 1343 1206 1428 patientia
1228 1329 1433 1432 nominatur.)
1467 1347 1557 1424 Quae

231 1447 334 1504 autem
356 1439 436 1503 baec
457 1458 522 1503 uno
544 1457 660 1523 genere
682 1438 918 1525 complectitur,
942 1435 1125 1520 magnitudo
1141 1435 1238 1501 animi
1254 1436 1383 1516 dicitur;
1406 1436 1495 1503 cuius
1510 1446 1595 1504 estro

229 1532 399 1601 liberalitas
420 1531 453 1597 in
475 1552 536 1597 usu
557 1531 724 1618 pecuniae,
755 1535 910 1619 simulque
931 1528 1062 1597 altitudo
1085 1531 1181 1597 animi
1202 1529 1234 1596 in
1256 1531 1417 1618 capiendis
1438 1531 1558 1596 iucom-

230 1629 332 1694 modis
347 1636 380 1693 et
393 1625 529 1693 maxime
543 1626 681 1706 iniuriis;
706 1635 738 1693 θῖ
751 1647 859 1704 omne,
874 1623 961 1714 qnod
976 1631 1024 1690 cst
1038 1624 1106 1690 cius
1121 1627 1258 1711 generis,
1278 1645 1391 1711 grave,
1406 1627 1558 1704 sedatum,

233 1721 308 1808 [nou
336 1719 576 1806 turbulentuml.
621 1725 674 1788 78.
708 1727 744 1788 ln
775 1720 996 1788 communione
1025 1727 1132 1784 antem
1160 1740 1241 1805 quae
1269 1721 1372 1804 posita
1402 1739 1476 1808 pars
1499 1726 1558 1799 est,

229 1817 348 1906 iustitip
375 1815 507 1892 dicitur,
543 1837 642 1902 eaque
671 1837 745 1901 erga
768 1815 844 1883 deos
866 1815 994 1902 religio,
1029 1835 1104 1900 erga
1125 1825 1271 1900 parentes
1292 1817 1411 1899 pietas,
1450 1812 1559 1901 [vulgo

230 1921 334 1978 autem
356 1909 508 1996 bonitas‚]
542 1910 669 1977 creditis
691 1911 723 1976 in
746 1916 840 1978 rebus
860 1909 957 1988 fides,
991 1910 1024 1976 iu
1046 1912 1264 1976 moderatione
1286 1908 1556 1978 animadvertendi
1566 1931 1596 1974 rs

229 2006 360 2084 lenitas,
390 2005 527 2071 amicitia
546 2005 579 2070 iu
600 2005 820 2072 benevolentia
841 2007 1030 2072 nominatur.
1072 2008 1190 2071 Xlllll.
1223 2011 1324 2093 Atque
1345 2008 1406 2072 bae
1429 2005 1558 2095 quidem

229 2105 361 2169 virtutes
383 2108 553 2166 cernuntur
573 2101 607 2165 in
630 2099 762 2186 agendo.
808 2102 887 2166 Sunt
915 2109 1019 2166 antem
1049 2102 1130 2166 aliae
1153 2101 1249 2185 ,quasi
1274 2101 1436 2166 ministrae
1458 2103 1559 2168 eomi-

229 2205 340 2283 tesque
368 2193 557 2282 sapientiae;
592 2215 724 2281 quarum
753 2194 868 2272 altera,
902 2216 983 2281 quae
1010 2197 1128 2261 sintin
1152 2196 1341 2279 disputando
1365 2205 1558 2282 versatque

228 2291 307 2358 falsa
328 2288 503 2378 quibusque
524 2288 634 2375 positis
656 2289 732 2376 quid
753 2298 917 2377 sequatur,
941 2289 1105 2375 distinguit
1125 2299 1157 2356 et
1178 2291 1315 2369 iudicat;
1349 2311 1431 2378 quae
1453 2292 1554 2356 virtus

230 2385 386 2456 omnisin
406 2387 528 2450 ratione
548 2382 740 2470 scientiaque
763 2382 940 2470 disputandi
961 2383 1020 2451 sita
1043 2393 1105 2462 est;
1141 2383 1238 2450 altera
1268 2391 1372 2449 autem
1403 2387 1597 2452 oratoriam

229 2486 280 2550 73.
302 2480 386 2547 Nihil
408 2489 455 2546 est
475 2478 559 2544 enim
582 2477 667 2544 aliud
688 2477 870 2563 eloquentia
892 2479 952 2544 nisi
974 2481 1103 2566 copiose
1125 2477 1257 2565 loquens
1280 2478 1450 2564 sapientia3
1475 2500 1559 2567 quae

229 2599 270 2643 cx
291 2579 404 2642 eedem
426 2594 543 2660 genere
565 2572 690 2647 hausta,
713 2595 777 2659 quo
798 2573 868 2648 illa,
891 2593 971 2660 quae
995 2574 1028 2640 in
1050 2576 1241 2658 disputando
1263 2583 1327 2650 est,
1357 2572 1495 2640 uberior.
1510 2581 1559 2642 est

229 2681 323 2760 atque
354 2669 448 2738 latior
479 2678 512 2734 et
540 2666 580 2733 ad
613 2676 717 2734 metus
749 2670 927 2734 animorum
956 2667 1106 2756 vulgique
1139 2690 1249 2735 sensus
1280 2671 1558 2738 accommodatior.

230 2771 342 2834 Custos
362 2785 440 2830 vero
462 2763 612 2828 virtutum
634 2762 774 2828 omnium
804 2764 940 2828 dedecus
967 2761 1089 2848 lugiens
1111 2763 1298 2849 laudemque
1321 2767 1459 2831 maxime
1480 2785 1557 2831 con-

229 2879 364 2949 sequens
384 2857 574 2925 verecundia
598 2864 654 2922 est.
696 2841 852 2945 Atqueihi
874 2866 947 2924 sunt
966 2855 1034 2923 iere
1057 2861 1145 2946 quasi
1161 2856 1289 2946 qnidam
1303 2860 1429 2925 babitus
1444 2861 1552 2937 animi,
1565 2881 1594 2927 se
1674 2889 1695 2962 .'r

229 2959 275 3022 sic
295 2954 400 3020 allecti
421 2963 453 3019 et
474 2949 651 3027 constituti,
686 2960 723 3016 ut
752 2941 958 3036 sint'sinquli
982 2954 1064 3017 inter
1085 2972 1119 3016 se
1140 2951 1272 3038 proprio
1293 2953 1416 3019 virtutis
1438 2974 1555 3039 genere
1639 2933 1653 2970 ’ί
1683 2968 1686 2979 ·

229 3049 383 3128 distineti;
406 3069 426 3114 a
446 3044 561 3134 quibus
583 3054 720 3132 atquae
745 3067 785 3112 ne
807 3064 860 3111 res
882 3053 968 3130 gesta
990 3054 1055 3123 θεῖ,
1079 3046 1124 3112 ita
1145 3046 1185 3112 sit
1205 3051 1335 3114 honesta
1356 3068 1488 3114 neccsse
1508 3055 1556 3115 est

228 3165 413 3232 summeque
429 3139 604 3228 laudabilis.
647 3145 698 3208 80.
721 3143 803 3207 Sunt
823 3148 928 3207 antem
950 3140 1003 3207 alii
1025 3139 1151 3228 qnidam
1176 3139 1330 3228 [perlecti]
1354 3143 1451 3210 animi
1466 3142 1558 3208 babi-

228 3249 280 3307 tus
308 3237 348 3304 ad
375 3239 525 3304 virtutem
551 3238 640 3325 quasi
668 3234 820 3321 praeculti
848 3244 880 3300 et
906 3237 1084 3320 praeparati
1111 3239 1207 3302 rectis
1228 3237 1340 3306 studiis
1362 3246 1396 3303 θῖ
1416 3237 1555 3317 artibus3

227 3343 280 3412 ut,
303 3335 336 3399 in
357 3332 422 3399 suis
444 3334 541 3398 rebus
563 3330 667 3398 studia
688 3331 876 3405 litterarum,
898 3337 935 3394 ut
956 3350 1160 3397 numerorum
1174 3351 1213 3397 ac
1227 3351 1396 3409 sonorum,
1419 3339 1455 3396 ut
1469 3351 1594 3397 men-se

142 3459 145 3464 ·
228 3450 336 3507 surae,
358 3437 396 3496 ut
416 3425 573 3503 siderum,
602 3435 637 3492 ut
659 3446 830 3513 equorum,
857 3434 893 3492 ut
914 3428 1065 3502 venandi,
1087 3433 1122 3489 ut
1143 3445 1324 3505 armornm;
1358 3425 1391 3492 iu
1413 3445 1556 3493 commu·

227 3523 319 3590 nibus
351 3524 560 3609 propensiora
588 3522 691 3588 studia
718 3521 752 3587 in
774 3521 879 3609 alique
902 3541 1017 3606 genere
1038 3519 1163 3586 virtutis
1195 3518 1387 3607 [praecipue]
1421 3521 1555 3588 colendo

228 3628 283 3684 aut
304 3618 417 3683 divinis
438 3620 535 3683 rebu's
558 3617 764 3683 deserviendo
788 3627 842 3682 aut
863 3613 1059 3700 parentibus,
1088 3615 1210 3689 amicis,
1234 3614 1412 3702 hospitibus
1434 3615 1557 3703 praeci-

228 3735 290 3798 pue
312 3721 406 3798 atque
428 3710 593 3794 insigniter
614 3709 793 3795 diligendis.
838 3714 940 3794 Atque
954 3711 1033 3774 baec
1048 3709 1177 3796 quidem
1191 3709 1351 3776 virtutum.
1396 3713 1553 3780 Vitiorum

191 3799 192 3802 ¹
228 3817 335 3875 autem
356 3815 430 3873 sunt
450 3825 567 3889 genera
588 3805 752 3873 contraria.
797 3805 849 3868 81.
881 3807 1044 3870 Cernenda
1071 3815 1174 3869 autem
1203 3813 1276 3871 sunt
1297 3804 1482 3891 diligenter,
1514 3825 1592 3872 nese

227 3902 335 3969 fallant
355 3923 394 3966 ea
415 3919 472 3966 nos
494 3897 587 3974 vitia,
612 3917 693 3984 quae
714 3897 863 3964 virtutem
884 3897 1029 3965 videntur
1043 3897 1169 3964 imitari.
1214 3901 1340 3978 Namet
1353 3900 1554 3984 prudentiam

228 3995 346 4063 malitia
367 4003 399 4061 et
419 3995 657 4082 temperantiam
679 3992 911 4071 immanitas')in
931 3991 1144 4079 voluptatibus
1166 3993 1418 4080 aspamandiaet
1432 3994 1553 4082 magni-

227 4093 367 4158 tudinem
396 4089 492 4156 animi
520 4083 730 4185 snperbialiu
751 4088 775 4172 †
797 4087 910 4153 animis
932 4083 1174 4174 extollendisg'et
1196 4089 1454 4177 despicientia‘zin
1477 4109 1554 4154 oon-

297 4331 323 4381 5.
343 4335 429 4381 emera
449 4343 501 4380 om.
522 4330 572 4382 Gu-
593 4355 626 4365 -
645 4330 672 4380 3.
690 4331 719 4380 tn
736 4331 812 4380 robes
830 4327 972 4379 commodis
990 4342 1043 4379 om.
1064 4328 1104 4389 Y,
1126 4329 1176 4379 lid.
1196 4330 1263 4380 Van.
1286 4355 1315 4366 -
1341 4331 1386 4381 11.
1405 4327 1551 4395 captandis]

228 4402 386 4462 accipiendis
405 4401 512 4456 bamb..
535 4402 696 4452 dimttteudts
716 4401 756 4457 B:
776 4409 920 4462 utrumque
939 4412 953 4447 e
972 4399 1051 4463 gloss.
1067 4425 1096 4436 -
1117 4400 1159 4450 12.
1180 4402 1328 4452 insudatum
1345 4402 1386 4460 ll,
1405 4401 1553 4453 Bedente

228 4473 338 4532 Lame,
359 4474 404 4534 qut
425 4487 439 4524 a
460 4471 542 4524 Codd.
563 4469 652 4536 (etlam
672 4472 726 4536 lv)
748 4471 908 4523 emendarit.
929 4493 960 4503 —
985 4470 1027 4520 13.
1048 4483 1102 4520 uon
1119 4471 1299 4522 turbulentum
1316 4471 1398 4536 (quod
1418 4472 1498 4524 babet
1518 4469 1552 4538 V)

229 4558 281 4594 om.
303 4543 339 4602 li,
367 4543 409 4592 cst
426 4557 481 4593 non
498 4544 692 4603 toreumatum,
724 4542 801 4593 Grut.
822 4554 835 4591 a
855 4540 959 4599 Codd..
989 4545 1036 4591 eut
1054 4542 1232 4592 turbulentum
1252 4543 1290 4602 li,
1306 4550 1347 4594 tet
1372 4542 1553 4594 turbulentum

228 4615 310 4665 Aldus
330 4619 357 4664 et
376 4614 443 4664 lide.
464 4621 525 4665 ente
543 4613 636 4664 Lami).
655 4613 711 4666 Nos
732 4627 772 4664 vr.
793 4619 914 4673 suspecta
933 4611 1146 4662 saulaumon-
1166 4612 1210 4662 rt.
1229 4613 1309 4676 culpo
1327 4619 1416 4664 enters
1434 4611 1549 4678 tonatur]

228 4685 332 4736 [tulerit
351 4685 416 4736 brec
434 4684 592 4743 Scbutztus;
611 4698 675 4736 arne
695 4692 734 4735 est
751 4685 831 4749 gloss.
853 4683 1039 4733 Christianum.
1059 4707 1090 4718 -
1120 4681 1165 4732 tu.
1184 4685 1214 4734 tn
1232 4686 1355 4735 amicitie
1373 4684 1553 4738 bmwoleutte

229 4757 298 4808 baud
319 4756 528 4816 improbabiliter
547 4756 695 4806 Sebutzlus.
717 4780 746 4791 -
775 4752 1119 4804 arduennensium.
1141 4753 1206 4804 RV:
1235 4753 1305 4804 uuit
1322 4756 1392 4806 entus
1409 4763 1447 4806 est
1467 4755 1497 4804 ll.
1518 4779 1550 4794 -

227 4827 271 4876 33.
292 4839 384 4890 praere
400 4827 494 4876 bourie
512 4824 578 4875 nv:
606 4827 702 4876 heusta
721 4838 813 4890 putere
832 4823 862 4872 ll.
882 4847 916 4859 -
946 4821 988 4872 33.
1010 4823 1104 4874 lectior
1120 4824 1278 4888 Pnrqeldua.
1300 4851 1331 4863 -
1358 4827 1443 4876 enimi
1466 4826 1496 4876 ll.
1519 4849 1550 4866 «-

228 4897 272 4947 25.
292 4897 519 4960 lttquidemsunt
545 4897 613 4947 Vel
631 4897 697 4947 lidd.
718 4904 778 4946 ante
798 4897 859 4946 Era.
879 4893 941 4944 lude
960 4895 993 4944 ab
1012 4895 1090 4944 Aldu.
1117 4896 1163 4958 [Ut
1182 4909 1247 4956 nos,
1275 4896 1317 4955 R,
1349 4895 1397 4947 lia.
1419 4895 1497 4956 Vsu.)
1515 4921 1550 4934 -

227 4968 273 5018 13.
289 4965 409 5030 perfecti]
428 4968 485 5032 ficti
503 4968 540 5027 Y,
561 4967 609 5017 lid.
629 4967 697 5018 Vsa.
716 4967 821 5018 netem
838 4964 950 5022 Lamb.;
969 4978 1016 5031 noa
1035 4965 1199 5019 seclusimus.
1223 4992 1251 5004 -·
1271 4967 1316 5016 33.
1333 4969 1476 5032 praecipue
1495 4981 1549 5019 om.

160 5044 164 5052 ’
228 5040 271 5097 li,
290 5039 390 5098 Aldus,
419 5037 568 5088 Sebutrlus.
607 5038 712 5089 ilabeut
730 5037 794 5095 YV;
824 5049 871 5087 uos
888 5035 1062 5087 seclusimus.
1089 5041 1152 5099 qula
1177 5037 1322 5088 involutum
1341 5047 1380 5089 est
1398 5041 1424 5089 ln
1444 5053 1468 5091 r.
1486 5051 1551 5102 pro·

226 5111 364 5174 pecatore.
378 5133 413 5144 -
425 5109 469 5162 35.
483 5120 581 5174 pecua
594 5111 732 5160 coniceris
744 5113 806 5160 sunt
817 5107 850 5161 V.
864 5131 897 5142 -
910 5105 953 5158 33.
968 5107 1066 5158 ceimts
1076 5107 1128 5159 del.
1142 5107 1290 5160 Sebutrlns.
1304 5108 1376 5162 Fert.
1389 5111 1478 5164 simu.
1494 5109 1548 5162 01.
