3720 5840
311 395 359 462 50
815 395 869 462 ΑΙ)
891 397 1129 462 HERENNIUM

310 557 511 640 exemplum,
548 552 672 622 videtur
701 575 769 621 esse
797 557 976 642 arrogantia
996 557 1050 624 illa
1071 559 1254 645 relinquere
1277 565 1309 622 et
1330 555 1369 624 ad
1391 579 1448 623 sua
1469 557 1630 624 devenire.

309 652 473 716 Praeterea
495 653 641 734 exempla
662 651 911 718 testimoniorum
932 656 1038 718 locum
1065 653 1220 719 obtinent.
1265 655 1301 718 ld
1330 653 1432 727 enim,
1466 657 1550 740 quod
1578 656 1633 718 ad·

307 745 467 811 monuerit
487 753 520 810 et
540 747 653 812 leviter
678 747 788 812 lecerit
816 748 1017 833 praeceptio,
1052 749 1202 831 exemplo
1231 745 1311 812 sicut
1339 749 1518 815 testimonio
1548 769 1633 814 com-

307 841 471 922 probatur.
496 844 566 906 Non
579 838 675 925 igitur
689 841 840 907 ridiculus
855 841 910 916 sit,
926 845 952 906 si
968 841 1038 927 quis
1051 841 1084 907 in
1099 841 1152 907 lite
1167 844 1266 906 autin
1280 843 1400 907 iudicio
1415 841 1631 924 †d0meslicis

284 933 492 1000 atestimoniis
512 943 632 1020 pugnet
655 934 699 1020 [et
714 936 874 1019 suiipsius
889 940 1036 1003 abutatur
1049 936 1229 1022 exemplo]i
1251 940 1289 1005 Ut
1304 941 1388 1004 enim
1404 938 1630 1011 testimonium,

305 1029 351 1092 sic
373 1031 553 1113 exemplum
584 1031 629 1095 rei
661 1030 893 1097 confirmandae
924 1054 1018 1098 causa
1040 1031 1183 1098 sumitur.
1229 1035 1301 1097 Non
1322 1053 1398 1117 ergo
1422 1039 1548 1115 oportet
1569 1032 1631 1094 hoc

304 1122 366 1188 nisi
394 1145 424 1190 a.
440 1126 663 1208 probatissimo
692 1128 793 1205 sumi,
826 1149 886 1205 ne,
921 1131 1007 1213 quod
1035 1127 1122 1192 aliud
1151 1124 1340 1192 confirmare
1372 1129 1505 1201 debeat,
1542 1132 1633 1208 egeat

303 1219 406 1304 ipsum
429 1220 684 1288 confirmationis.
727 1223 849 1288 Etenim
878 1242 1008 1288 necesse
1040 1228 1088 1286 est
1114 1230 1169 1287 aut
1200 1245 1233 1287 se
1263 1224 1408 1288 omnibus
1442 1227 1633 1304 anteponant

304 1322 337 1378 et
358 1335 414 1380 sua
437 1317 571 1381 maxime
594 1320 731 1400 probent
752 1326 805 1383 aut
826 1325 943 1402 negent
964 1316 1083 1401 optima
1105 1337 1173 1382 esse
1195 1317 1362 1401 exempla,
1398 1337 1478 1404 quae
1510 1337 1528 1380 a
1557 1335 1632 1398 pro-

266 1409 471 1476 sohatissimis
493 1413 672 1478 oratoribus
694 1420 747 1476 aut
769 1413 872 1496 potitis
894 1421 1016 1495 sumpta
1038 1411 1110 1477 sint.
1148 1411 1236 1477 sisa
1259 1415 1406 1478 omnibus
1427 1417 1629 1496 anteponant,

302 1505 493 1571 intolerabili
515 1505 695 1592 arrogantia
717 1516 806 1584 sunt;
841 1508 868 1572 si
897 1527 976 1590 quos
998 1505 1059 1570 sibi
1080 1515 1277 1590 praeponant
1299 1516 1331 1573 et
1352 1527 1462 1574 eorum
1485 1507 1631 1587 exempla

303 1600 367 1664 suis
388 1602 544 1683 exemplis
565 1623 629 1666 non
651 1610 762 1684 putent
782 1607 965 1684 praestare,
989 1621 1052 1666 non
1068 1612 1199 1687 possunt
1213 1601 1339 1678 dicere,
1362 1623 1459 1688 quare
1475 1601 1535 1665 sibi
1557 1599 1631 1663 illos

301 1701 505 1778 anteponant.
550 1697 591 1760 H.
616 1698 719 1774 Quid,
757 1700 827 1780 ipsa
848 1699 1016 1761 auctoritas
1039 1696 1238 1781 antiquorum
1260 1718 1326 1761 non
1347 1717 1418 1761 curu
1440 1716 1491 1759 res
1514 1695 1631 1776 proba-

300 1787 453 1865 biliores,
487 1800 553 1856 tum
581 1793 745 1857 hominum
776 1793 877 1856 studia
909 1795 949 1856 ad
977 1793 1160 1857 imitandum
1191 1791 1343 1857 alacriora
1363 1789 1491 1856 redditi
1527 1789 1629 1853 Immo

263 1901 292 1942 1⁵
303 1885 395 1968 erigit
426 1888 567 1950 omnium
601 1888 785 1970 cupiditates
820 1892 851 1949 et
882 1884 966 1949 acuit
997 1885 1202 1963 industriam,
1238 1906 1307 1951 cum
1338 1906 1410 1970 spes
1438 1886 1551 1950 iniecta
1584 1890 1631 1948 cst

302 1999 396 2062 posse
428 1981 580 2045 imitando
614 1978 746 2046 Gracchi
777 1989 830 2045 aut
859 1982 961 2046 Crassi
990 1985 1139 2068 consequi
1169 1983 1358 2048 facultatem.
1404 1985 1435 2046 3.
1467 1983 1629 2045 Postremo

301 2075 362 2140 hoe
383 2077 486 2158 ipsum
510 2095 665 2140 summum
688 2083 735 2139 est
756 2072 920 2138 artificium
942 2095 992 2139 res
1014 2076 1117 2142 varias
1139 2086 1170 2142 ct
1193 2076 1332 2159 dispares
1355 2079 1387 2139 in
1409 2081 1456 2140 tot
1476 2072 1630 2158 poematis

301 2176 334 2233 et
354 2170 551 2235 orationibus
573 2189 697 2253 sparsas
719 2175 751 2232 et
771 2188 850 2253 vage
874 2169 1020 2233 disiectas
1042 2171 1085 2235 ita
1106 2169 1271 2254 diligenter
1300 2171 1436 2254 eligere,
1471 2177 1506 2232 ut
1533 2188 1630 2231 unum

301 2266 450 2349 quodque
483 2285 582 2349 genus
615 2261 832 2349 exemplorum
865 2261 923 2328 sub
955 2265 1095 2349 singulos
1127 2267 1202 2330 artis
1224 2267 1312 2329 locos
1335 2266 1491 2328 subiicere
1513 2263 1628 2345 possis.

264 2360 371 2424 tollae
393 2361 420 2423 si
441 2359 595 2425 industria
617 2359 719 2424 solum
741 2356 810 2423 lieri
832 2367 955 2442 posset,
979 2367 1084 2426 tamen
1098 2379 1239 2423 essemus
1261 2359 1425 2432 laudandi,
1449 2378 1520 2422 cum
1535 2356 1629 2421 talem

300 2455 442 2519 laborem
463 2475 528 2520 non
549 2454 756 2538 fugissemus3
793 2474 877 2518 nunc
908 2456 976 2518 sine
1007 2475 1130 2518 summo
1161 2451 1292 2517 artifieio
1322 2472 1387 2517 non
1414 2458 1519 2535 potest
1547 2449 1627 2514 fieri.

301 2550 379 2627 Quis
402 2556 449 2614 est
470 2552 572 2626 enim,
605 2551 677 2635 qui,
712 2549 773 2612 nisi
795 2569 917 2614 summe
940 2558 1045 2614 teneat
1066 2557 1183 2622 artem,
1206 2549 1306 2630 possit
1328 2568 1386 2622 ea,
1421 2568 1501 2633 quae
1523 2547 1630 2609 iubeat

300 2664 371 2718 ars,
395 2647 434 2710 de
456 2652 540 2710 tanta
562 2652 592 2710 et
613 2652 677 2708 tam
701 2641 814 2706 dillusa
835 2645 990 2729 scriptura
1010 2653 1121 2710 notare
1144 2650 1175 2708 et
1196 2647 1365 2726 separaret
1404 2642 1527 2716 Ceteri,
1557 2660 1629 2705 cum

299 2739 409 2822 legunt
431 2739 588 2804 orationes
610 2741 710 2828 bonas
733 2745 787 2801 aut
808 2745 976 2820 poemata,
1015 2741 1151 2823 probant
1178 2745 1320 2802 oratores
1343 2743 1374 2800 et
1395 2744 1503 2818 petitas
1525 2755 1628 2824 neque

263 2831 501 2916 asintettigunt,
532 2855 594 2918 qua
615 2853 650 2897 re
672 2834 820 2896 commoti
843 2836 1001 2914 probent3
1034 2836 1120 2918 quod
1142 2831 1223 2896 scire
1245 2852 1309 2894 non
1330 2839 1480 2916 possunt,
1513 2830 1630 2894 ubisit

302 2946 362 2991 nec
383 2926 459 3014 quid
481 2927 521 2992 sit
541 2946 600 2992 nec
621 2948 684 3012 qno
708 2928 804 2990 modo
825 2924 942 2992 factum
964 2931 1004 2992 sit
1026 2928 1079 3005 id,
1119 2931 1204 3014 quod
1233 2948 1289 2992 eos
1311 2928 1448 2991 maxime
1480 2926 1626 2988 delectet.

301 3025 342 3087 m
360 3021 408 3098 is,
433 3019 486 3108 qui
509 3027 541 3085 et
563 3023 642 3085 haee
664 3023 768 3086 omnia
790 3019 936 3106 intelligit
958 3031 989 3087 et
1009 3025 1124 3087 idonea
1146 3024 1283 3087 maxime
1307 3021 1395 3105 eligit
1416 3028 1448 3084 et
1470 3019 1574 3084 omnia
1596 3018 1629 3082 in

301 3123 369 3180 arte
394 3112 553 3202 [maxime]
577 3115 742 3180 scribenda
759 3115 874 3199 redigit
887 3118 919 3180 in
935 3114 1072 3200 singulas
1088 3117 1226 3182 rationes
1241 3113 1483 3203 praeceptionis,
1500 3133 1628 3177 necesse

302 3219 350 3276 est
370 3210 439 3278 eius
460 3213 507 3276 rei
529 3231 668 3276 summus
690 3208 804 3274 artilex
825 3209 876 3274 sit.
929 3211 999 3274 Hoc
1026 3212 1124 3295 igitur
1144 3212 1249 3298 ipsum
1270 3213 1440 3276 maximum
1464 3205 1628 3274 artificium

264 3313 350 3371 esest
369 3307 403 3370 in
425 3315 492 3371 arte
513 3327 569 3371 sua
590 3325 684 3388 posse
706 3311 738 3368 et
759 3304 869 3368 alienis
890 3303 1044 3388 exemplis
1064 3307 1122 3369 uti.

386 3403 525 3467 l.Haec
546 3401 591 3467 illi
614 3422 685 3466 cum
708 3401 833 3475 dicunt,
872 3402 971 3484 magis
1001 3421 1060 3465 nos
1091 3401 1275 3467 auctoritate
1305 3405 1506 3467 commovent
1535 3417 1629 3484 quam

300 3493 432 3564 veritate
454 3495 682 3579 disputationis.
725 3493 807 3560 Illud
829 3495 914 3559 enim
936 3515 1101 3572 veremur,
1131 3517 1171 3562 ne
1201 3496 1251 3562 cui
1283 3499 1356 3562 satis
1384 3499 1424 3562 sit
1445 3494 1483 3560 ad
1506 3501 1629 3559 contra·

301 3590 381 3655 riam
403 3590 556 3655 rationem
579 3593 799 3674 probandam,
838 3587 924 3677 quod
944 3593 984 3654 ab
1008 3612 1045 3655 ea
1067 3593 1209 3657 steterint
1238 3591 1282 3670 ii,
1322 3593 1375 3679 qui
1397 3599 1428 3656 ct
1448 3591 1628 3655 inventores

302 3687 397 3751 huius
429 3683 553 3750 artificii
584 3687 713 3751 fuerunt
746 3694 778 3750 et
809 3693 962 3752 vetustate
999 3685 1062 3751 iam
1095 3691 1169 3752 satis
1203 3689 1348 3753 omnibus
1384 3683 1511 3770 probati
1543 3690 1625 3748 sunt.

371 3866 398 3916 1.
418 3864 452 3916 ld
470 3860 548 3928 enim]
570 3865 673 3914 Etenim
690 3865 793 3923 PFRT,
815 3866 875 3926 etti,
895 3865 971 3926 prob.
986 3865 1120 3917 Ernestto.
1157 3866 1272 3918 Videtur
1289 3872 1376 3917 temen
1397 3862 1568 3928 eprsecedd.
1588 3876 1629 3914 re·

302 3939 424 4000 petttum.
447 3961 476 3973 -
496 3936 523 3985 d.
542 3936 690 3986 domesticis
708 3937 772 3998 cet]
791 3937 908 3986 Turbata
927 3937 1009 3990 haec:
1030 3938 1170 3988 domestico
1187 3944 1289 4002 pugnet
1301 3938 1367 3987 ΛΒΤ
1386 3943 1413 3988 et
1426 3949 1467 3998 pr.
1486 3935 1506 3985 1)
1513 3935 1628 3995 ,dome-

302 4009 366 4058 stico
382 4020 505 4071 pugnans
524 4007 606 4056 ederit
624 4004 681 4070 (stc)
702 4008 847 4070 exemptum
866 4021 902 4057 rc.
917 4007 953 4068 l‘,
977 4010 1119 4058 domestico
1137 4011 1287 4058 testimonio
1302 4015 1402 4073 pugnet
1421 4009 1452 4059 n.
1471 4004 1628 4068 (domesticis

302 4079 458 4129 testimoniis
474 4082 573 4141 pugnet
592 4091 629 4128 rc.
644 4077 686 4140 Ρ.)
714 4103 740 4116 -
770 4079 797 4129 5.
816 4083 841 4128 ct
857 4079 899 4128 sui
916 4079 1001 4142 ipsius
1020 4080 1149 4130 abutatur
1166 4075 1294 4142 exemplo]
1313 4092 1361 4128 suo
1380 4080 1461 4140 ipsius
1480 4076 1627 4128 testimonio

303 4150 468 4209 abutuntur,
498 4148 612 4213 temet)
632 4149 670 4208 11,
699 4157 724 4200 ct
741 4150 766 4198 si
782 4151 867 4211 ipsius
884 4151 1031 4199 testimonio
1050 4150 1151 4200 dederit
1169 4151 1314 4212 exemplum
1337 4148 1467 4199 abutatur
1484 4149 1516 4198 Τ.
1555 4147 1628 4196 llaec

304 4224 392 4271 omnis
411 4218 576 4269 oml'dltl'.
612 4218 666 4269 lios
686 4233 745 4270 curn
766 4219 785 4269 ll
804 4220 968 4270 seclusimus.
998 4245 1029 4258 -
1058 4221 1085 4270 8.
1104 4219 1134 4270 id
1152 4220 1237 4281 ipsum
1256 4221 1277 4270 B
1296 4225 1322 4270 et
1340 4221 1463 4279 coruli,
1484 4223 1545 4269 item
1566 4218 1626 4278 atti,
1674 4223 1676 4226 ·

303 4291 380 4354 prob.
403 4288 473 4340 oud.
493 4315 527 4324 —
546 4291 588 4340 to.
609 4298 774 4354 anteponunt
791 4313 802 4324 -
818 4317 829 4329 -
849 4294 1017 4354 praeponunt
1035 4315 1046 4327 ·
1063 4317 1074 4327 -
1093 4296 1193 4352 putant
1212 4292 1244 4342 de
1265 4292 1327 4340 Ern.
1347 4293 1479 4341 sententis
1499 4289 1580 4346 Scit..
1601 4291 1629 4337 et

300 4364 400 4424 putant
418 4361 509 4412 saitem
528 4360 629 4412 habent
647 4361 668 4410 B
688 4365 798 4425 alitque.
820 4387 851 4398 -
875 4362 918 4411 13.
939 4361 1008 4424 Quid
1026 4359 1129 4410 Pars:
1151 4361 1220 4423 Quid
1233 4363 1316 4426 igitur
1334 4361 1413 4411 lillll.
1430 4386 1458 4399 —
1479 4375 1534 4410 uon
1553 4357 1627 4420 pnl’

304 4433 460 4483 confirmans
480 4433 594 4482 Ernesti!
613 4435 700 4494 conl,
728 4439 861 4496 receptam
881 4445 895 4482 s
915 4431 993 4487 Scir..
1019 4430 1414 4484 contumacissimi).
1435 4457 1466 4470 -
1495 4431 1539 4481 17.
1559 4443 1628 4478 som·

301 4517 375 4553 mum
392 4506 429 4553 cst
447 4502 577 4564 PBFRT,
597 4504 632 4554 t:
653 4511 691 4554 cst
707 4518 838 4554 summum
856 4503 913 4553 Ali.
935 4525 963 4538 —
980 4504 1111 4565 perimatis
1129 4502 1191 4564 ΡΑ,
1212 4504 1248 4553 L:
1265 4503 1432 4566 poematibus
1450 4501 1573 4551 Bl'lt'lli.
1595 4523 1625 4534 -

302 4574 347 4624 26.
366 4571 423 4638 nec]
443 4581 489 4625 cut
510 4574 565 4624 lili.
586 4601 617 4612 -
637 4575 681 4625 27.
702 4575 736 4624 At
755 4590 807 4626 um.
824 4573 867 4626 FT
887 4580 913 4626 et
933 4587 973 4636 pr.
987 4573 1017 4621 P.
1037 4597 1070 4607 —
1095 4571 1140 4622 28.
1160 4576 1279 4624 masalma
1297 4574 1319 4623 T
1340 4581 1365 4624 et
1386 4572 1476 4636 pr.l‘,
1495 4572 1628 4622 mactmus

303 4657 371 4698 corr.
388 4645 418 4698 P.
456 4643 589 4708 Expunrtt
602 4646 682 4707 Scin,
703 4659 750 4696 nos
763 4646 926 4697 seclusimus.
964 4643 1083 4695 Fortasse
1103 4652 1188 4697 temen
1208 4643 1335 4694 iuttcum
1353 4645 1483 4704 mumma,
1505 4647 1626 4705 ueotpso

303 4723 440 4778 ternpore,
471 4728 525 4778 quo
544 4717 684 4770 scribenda
703 4723 793 4776 araim
813 4725 843 4767 ut
860 4711 930 4778 §.tl
951 4713 999 4765 On.
1028 4741 1063 4750 -
1091 4713 1133 4764 29.
1154 4717 1310 4777 ipsumam.
1333 4715 1447 4766 Ernesttt
1467 4727 1574 4776 operae.
1593 4735 1625 4749 -

303 4787 347 4838 ³1.
366 4789 454 4852 magis
471 4800 519 4837 mos
538 4791 699 4840 auctoritate
722 4789 779 4848 titt,
799 4793 829 4837 ut
847 4787 967 4846 ridetur,
999 4793 1027 4836 et
1045 4787 1165 4836 Erneetto
1184 4793 1290 4838 auctore
1310 4787 1392 4838 Seu:
1411 4788 1496 4852 magis
1513 4799 1561 4834 nos
1579 4799 1627 4836 ou·

304 4859 427 4910 ctoritate
445 4868 496 4907 soa
513 4870 572 4909 eum
593 4859 676 4909 Codd.
698 4858 760 4923 aliq·
782 4864 809 4910 et
827 4858 917 4908 Lamo.
940 4857 975 4917 ll,
1004 4859 1088 4922 magis
1104 4868 1175 4906 meua
1194 4860 1354 4908 auctoritate
1372 4855 1452 4915 Pas,
1483 4857 1540 4907 siue
1558 4869 1625 4917 suo,

303 4929 376 4995 guod
396 4937 484 4979 tumen
504 4923 612 4981 tortasle
631 4931 657 4979 io
677 4929 717 4978 his
735 4930 832 4980 excidit
850 4940 904 4979 uns
924 4939 983 4977 curn
1003 4939 1100 4990 sequa
1118 4929 1203 4990 magis
1215 4941 1285 4978 novo
1298 4927 1550 4978 auctoritatemos'l'
1569 4931 1626 4977 sinc

304 5015 362 5052 sao·
383 4997 467 5063 (Fort-
482 5000 509 5048 ln
520 5013 593 5050 moue
608 4996 694 5064 [ess]
708 5001 771 5050 latet
787 5012 837 5049 mos
854 5012 914 5048 suu.
928 4995 1023 5063 liner.)
1039 5023 1067 5034 -
1081 5004 1241 5049 commouent
1258 5013 1337 5063 quom
1354 4999 1464 5049 acritate
1482 5012 1534 5048 om.
1549 4997 1624 5047 ets.

304 5093 337 5110 -·
358 5069 402 5123 33.
422 5070 490 5123 mim
507 5082 561 5121 om.
573 5071 606 5124 Τ.
628 5097 658 5112 -
678 5069 722 5122 33.
743 5071 776 5122 ad
794 5083 826 5122 ea
843 5068 992 5120 Pastas:
1012 5069 1046 5122 od
1063 5081 1095 5122 cc
1109 5077 1191 5134 porte
1208 5083 1269 5123 eum
1287 5070 1371 5122 tribus
1390 5067 1475 5122 codd.
1495 5069 1572 5120 tirus.
1592 5068 1624 5118 li.
