3746 5850
477 423 480 430 ’
564 465 864 534 snnnnunuu
893 465 1229 532 censentes.
1497 465 1560 531 tar

228 633 325 713 parte
345 626 536 702 rerbornm3
559 627 601 701 si,
622 625 707 690 unde
725 632 813 690 ortus
836 625 894 702 sit,
918 645 959 691 ex
980 613 1102 690 aurium
1124 622 1302 709 voluptuter
1326 623 1352 688 si
1368 642 1562 710 componen-

229 723 350 786 dorum
371 717 469 796 ratio,
494 717 616 784 dicetur
635 718 697 782 alio
719 718 809 795 loco,
834 719 908 804 quia
929 719 1067 804 pertinet
1084 716 1124 782 ad
1139 739 1245 794 nsum,
1268 737 1351 802 qnae
1363 737 1435 804 pars
1449 728 1562 806 quarta

229 823 265 880 et
289 823 432 880 extrema
453 815 544 879 nobis
564 815 597 878 iu
619 811 790 878 dividendo
810 811 887 891 luit;
926 815 970 889 si,
1004 810 1044 878 ad
1072 831 1167 896 qnam
1193 833 1260 876 rem
1285 809 1487 890 adhibeatur,
1521 813 1562 878 ad

230 910 492 987 delectationem
515 909 562 984 si,
585 905 728 992 qnando,
752 925 891 993 semper3
921 905 961 983 si,
985 928 1048 992 qno
1070 907 1160 982 loco,
1184 905 1216 970 in
1239 915 1304 972 tots
1326 907 1561 974 continuatione

228 1001 428 1079 verborumt
464 1002 509 1078 si,
543 1021 624 1086 quae
654 1023 704 1065 res
726 999 842 1066 efficiat
862 999 1073 1084 voluptutem,
1106 1003 1217 1066 eadem
1240 1023 1320 1085 quae
1341 1004 1375 1066 in
1396 1001 1584 1077 versibus,s

230 1115 373 1181 quorum
394 1098 524 1161 modum
546 1102 633 1160 notat
661 1115 729 1172 ars,
767 1096 823 1160 scd
851 1115 945 1160 sures
966 1094 1055 1178 ipsae
1076 1095 1173 1162 tacito
1195 1116 1267 1160 cum
1289 1117 1385 1162 sensu
1406 1099 1474 1162 sine
1495 1104 1562 1161 arte

229 1190 398 1258 deliniunt.

320 1287 402 1350 bxi.
426 1285 500 1350 aot.
536 1285 617 1349 Satis
638 1281 735 1348 multa
757 1279 796 1348 de
817 1291 947 1349 natura:
975 1282 1118 1371 seqnitur
1136 1303 1232 1360 usus,
1257 1287 1296 1350 de
1318 1305 1381 1370 qno
1404 1292 1452 1350 est
1472 1305 1564 1352 eccm

229 1382 333 1448 ratius
354 1376 588 1465 disputandum.
632 1379 670 1440 In
691 1394 755 1462 quo
776 1377 952 1461 quaesitum
973 1375 1105 1456 est,(in
1131 1385 1240 1444 totone
1261 1377 1393 1443 circuitu
1415 1377 1471 1443 illo
1493 1397 1564 1444 ors·

229 1475 345 1551 tionis,
378 1493 473 1560 quem
502 1470 614 1537 Gracci
644 1475 813 1556 περίοδον,
847 1491 907 1537 nos
935 1481 1003 1537 tum
1030 1471 1182 1538 ambitum
1211 1479 1279 1537 tum
1307 1471 1473 1539 circuitum
1496 1481 1600 1546 tumis
1646 1509 1665 1548 a
1678 1455 1695 1524 s·

230 1557 549 1658 comprehensionem
570 1572 624 1630 aut
646 1564 912 1631 continuationem
936 1575 990 1632 aut
1010 1565 1333 1651 circumscriptionem
1351 1555 1587 1676 dicimusqan)
1703 1557 1707 1568 ’

230 1668 269 1731 in
291 1662 453 1752 principiis
474 1662 596 1738 solum,
622 1679 663 1725 sn
677 1658 710 1724 in
725 1662 891 1735 extremis,
913 1681 954 1726 sn
968 1660 1001 1726 in
1018 1669 1152 1747 unaque
1173 1669 1262 1746 parte
1284 1680 1435 1726 numerus
1455 1668 1565 1728 tenen-
1670 1744 1679 1755 ²
1738 1729 1744 1738 ,

233 1759 297 1826 dns
318 1759 376 1835 sit;
414 1754 528 1822 deinde
558 1775 628 1820 eum
656 1751 742 1843 alind
770 1752 915 1819 videatur
941 1775 1010 1820 esse
1038 1774 1205 1830 numerus,
1238 1753 1322 1819 aliud
1344 1776 1563 1846 numerosum,

234 1853 314 1940 quid
336 1850 469 1917 intersit.
514 1851 588 1914 005.
621 1852 700 1912 'lum
723 1855 827 1913 autem
849 1847 882 1912 in
904 1849 1092 1915 omnibusne
1114 1851 1253 1914 numeris
1275 1848 1448 1933 aequaliter
1469 1851 1565 1937 parti·
1668 1843 1671 1849 ’

235 1949 323 2014 cules
345 1952 456 2014 decent
477 1942 636 2018 incidere,
664 1963 705 2006 an
725 1941 832 2008 iacere
854 1941 929 2008 alias
950 1941 1132 2017 breviores,
1162 1943 1237 2009 alias
1258 1941 1437 2026 longiores,
1466 1944 1601 2032 idque„

235 2047 362 2130 quando
393 2050 448 2106 eut
477 2059 535 2104 our
563 2039 740 2124 quibusque
761 2035 918 2123 partibus;
951 2037 1136 2121 pluribusne
1158 2059 1198 2104 an
1223 2037 1368 2123 singulis,
1390 2041 1565 2126 imparibus

235 2159 279 2202 an
300 2134 498 2222 aequalibus;
529 2140 561 2197 et
581 2133 706 2218 quando
728 2139 782 2197 aut
802 2132 869 2196 istis
890 2139 945 2195 aut
964 2131 1026 2198 illis
1046 2133 1087 2199 sit
1109 2135 1259 2198 utendum
1266 2154 1275 2213 ;
1306 2153 1452 2220 quaeque
1482 2135 1566 2201 iuter

236 2253 272 2297 se
294 2229 452 2317 aptissime
474 2227 668 2294 collocentur
687 2234 720 2292 et
740 2228 920 2312 quomodo,
944 2247 984 2292 an
1006 2229 1135 2294 omnino
1158 2226 1243 2292 nulla
1263 2228 1304 2292 sit
1325 2227 1358 2292 in
1380 2251 1420 2294 eo
1444 2249 1561 2314 genere

238 2326 413 2405 distinctim
435 2323 584 2408 quodque
606 2319 735 2386 adrem
757 2319 894 2386 maxime
916 2319 1067 2406 pertinet,
1092 2341 1154 2406 qna
1174 2321 1297 2386 ratione
1319 2343 1489 2389 numerosa
1508 2322 1564 2389 liat

239 2421 352 2485 oratio.
396 2421 471 2482 206.
506 2413 736 2498 Explicandum
766 2415 859 2479 etiam
890 2421 954 2491 est,
987 2417 1071 2480 unde
1097 2424 1168 2480 orta
1189 2418 1230 2480 sit
1250 2412 1354 2481 forma
1374 2421 1603 2496 verborumne

238 2512 486 2598 dicendumque,
521 2518 655 2595 quantos
683 2507 832 2572 circuitus
857 2505 962 2573 facere
984 2512 1110 2584 deceat,
1146 2513 1249 2596 deque
1271 2530 1383 2576 eorum
1404 2513 1566 2598 particulis

239 2617 272 2674 et
297 2617 455 2692 tamquam
482 2602 688 2668 incisionibus
712 2598 929 2666 disserendum
960 2610 1007 2667 est
1033 2608 1334 2689 quaerendumque,
1371 2615 1477 2672 utrum
1502 2628 1567 2674 una

239 2702 362 2788 species
384 2710 416 2766 et
435 2694 599 2782 longitudo
622 2697 663 2761 sit
682 2715 808 2770 earum,
831 2715 911 2760 aune
931 2694 1057 2779 plures,
1080 2705 1129 2772 et,
1153 2697 1179 2763 si
1200 2700 1324 2784 plures,
1348 2719 1412 2785 qno
1425 2699 1497 2766 loco
1513 2709 1568 2766 aut

240 2800 367 2884 qnando
397 2813 525 2881 qunque
554 2811 671 2875 genere
703 2791 749 2854 uti
777 2797 930 2876 oporteat.
974 2794 1139 2859 Postremo
1166 2793 1264 2858 totius
1293 2795 1418 2878 generis
1447 2795 1565 2862 utilitas

242 2886 427 2978 explicanda
448 2894 516 2962 est,
550 2905 631 2972 qnae
653 2883 780 2970 quidem
801 2893 886 2971 patet
905 2883 1016 2966 latius3
1049 2907 1115 2952 non
1136 2889 1177 2953 sd
1198 2909 1293 2954 unam
1314 2889 1399 2955 enim
1419 2911 1489 2956 rem
1510 2891 1604 2963 ali-rr

242 3005 336 3073 qnam
358 2982 415 3049 sed
436 2980 476 3048 ad
496 2979 602 3068 plures
624 2977 886 3048 accommodatur.

326 3082 401 3146 aot.
423 3080 469 3144 Ac
489 3075 563 3142 licet
577 3094 642 3141 non
662 3072 701 3140 ad
724 3073 860 3160 singulus
881 3093 932 3140 res
953 3074 1199 3159 respondentem
1220 3080 1261 3144 de
1281 3081 1429 3149 universo
1451 3103 1566 3171 genere

241 3173 287 3242 sio'
311 3177 437 3252 dicere,
475 3179 510 3238 nt
540 3171 634 3236 etiam
662 3168 792 3254 singulis
820 3167 895 3235 satis
923 3191 1111 3254 responsum
1133 3193 1202 3239 esse
1226 3173 1381 3248 videatur.
1425 3164 1600 3248 Remotis'

239 3269 336 3356 igitur
363 3268 494 3356 reliquis
524 3263 692 3349 generibus
717 3285 815 3332 uuum
836 3263 1005 3352 selegimus
1026 3268 1108 3345 boc,
1146 3272 1233 3355 quod
1254 3271 1286 3336 in
1309 3273 1411 3338 censis
1431 3273 1566 3360 loroque

239 3373 401 3442 versatur,
426 3362 465 3429 de
487 3381 552 3446 quo
574 3359 761 3427 diceremus.
806 3355 945 3463 Ergo(in
966 3359 1054 3440 aliis,
1077 3361 1189 3440 idest,
1210 3364 1390 3432 inhistoria
1412 3376 1444 3432 et
1463 3371 1497 3436 in
1512 3390 1604 3448 eo,se
1690 3418 1706 3447 ,.,

240 3463 326 3548 quod
347 3457 540 3547 appellamus
561 3443 796 3546 torismundo)
815 3454 916 3543 placet
937 3458 1044 3523 omnia
1066 3457 1128 3523 dici
1150 3451 1310 3526 isocrates
1325 3464 1567 3551 Theopompeo-
1651 3450 1705 3522 ''a''

241 3576 302 3640 que
325 3573 430 3628 more,
452 3552 817 3637 illacircumscriptione
839 3548 1037 3638 ambituque,
1059 3559 1096 3618 nt
1110 3559 1269 3640 tamqrmm
1290 3555 1324 3620 in
1345 3559 1424 3622 orbe
1446 3557 1568 3626 inclusa

241 3657 347 3715 currat
367 3647 486 3722 oratio,
509 3645 614 3731 quoad
634 3644 757 3709 insistat
777 3645 811 3709 in
833 3645 964 3729 singulis
984 3644 1134 3730 perlectis
1155 3649 1369 3738 absolutisque
1391 3656 1564 3724 sententiis.

241 3746 315 3808 208.
350 3744 460 3827 ltaque
473 3746 692 3824 posteaquam
719 3744 767 3828 est
795 3746 868 3804 nats
894 3742 973 3822 baec
1002 3741 1053 3807 vel
1074 3744 1324 3831 circumscriptio
1341 3744 1399 3812 'rel
1419 3765 1567 3832 compre·
1600 3793 1614 3819 .

241 3834 353 3902 hensio
374 3835 426 3902 vel
447 3831 639 3900 continuatio
661 3831 713 3898 rel
734 3819 889 3919 ambitus}
911 3837 938 3898 si
952 3833 995 3899 ita
1014 3835 1090 3900 licet
1111 3837 1234 3914 dicere,
1255 3858 1366 3916 nemo,
1390 3842 1445 3927 qui
1459 3841 1605 3929 aliquota

243 3937 325 3996 esset
346 3931 379 3994 iu
398 3949 550 4002 numero,
572 3927 696 4012 scripsit
717 3927 892 3994 orationem
913 3928 1037 4014 generis
1059 3931 1143 4007 eius,
1165 3934 1251 4018 quod
1273 3941 1357 4000 esset
1377 3938 1417 4001 ad
1432 3934 1568 4003 delecta-

241 4027 360 4092 tionem
381 4030 597 4109 comperatum
625 4029 843 4106 remotumque
869 4022 1030 4088 uindiciis
1058 4022 1240 4112 forensique
1268 4033 1454 4107 certamine,
1492 4034 1568 4119 quin

242 4121 400 4205 redigeret
429 4137 539 4182 omnes
568 4117 636 4180 lere
665 4113 700 4180 in
728 4117 882 4202 quadrum
909 4139 1140 4204 numerumque
1167 4123 1349 4188 sententias.
1395 4128 1568 4201 Namlcum

242 4217 270 4296 is
293 4210 499 4287 ostendier,
536 4211 591 4295 qui
619 4229 684 4274 non
710 4197 877 4372 vereatur?
911 4233 953 4276 ne
978 4213 1172 4300 compositae
1194 4215 1345 4282 orationis
1367 4219 1488 4286 insidiis
1509 4241 1567 4290 sua
1690 4252 1707 4290 ε

243 4307 320 4374 fides
342 4313 526 4382 attentetur,
550 4304 681 4390 gratiam
704 4326 831 4393 quoqne
874 4308 948 4372 abet
962 4306 1081 4374 oratori
1096 4307 1248 4392 voluptati
1263 4313 1387 4379 aurium
1403 4314 1564 4381 servienti.
1576 4344 1605 4387 se

242 4405 340 4470 LXII.
363 4405 437 4468 209.
464 4403 570 4467 Genus
591 4411 697 4467 antem
716 4404 777 4466 hoc
798 4404 950 4469 orationis
970 4421 1073 4491 neque
1095 4411 1194 4469 totum
1215 4410 1438 4473 assumendum
1458 4417 1508 4474 est
1527 4411 1568 4475 ad

244 4517 353 4564 causes
382 4499 524 4561 ioreuses
551 4515 654 4581 neque
683 4494 813 4560 omnino
843 4497 1093 4581 repudiandum
1131 4503 1158 4565 si
1187 4503 1271 4568 enim
1301 4523 1427 4587 semper
1457 4513 1566 4583 utare,

245 4614 317 4660 cum
338 4591 512 4658 satietatem
535 4587 645 4668 allent,
666 4597 733 4654 tum
749 4590 841 4676 quale
856 4593 896 4658 sit
918 4595 1012 4660 etiam
1034 4596 1073 4659 ab
1095 4596 1250 4681 imperitis
1271 4600 1462 4683 agnoscitur.
1506 4603 1569 4666 Ile-

245 4685 340 4754 trabit
360 4692 521 4772 praeterea
542 4683 674 4751 actionis
696 4683 856 4764 dolorem,
878 4686 984 4754 aulert
1002 4693 1173 4756 humanum
1188 4711 1315 4758 sensum
1329 4694 1464 4774 actoris,
1487 4695 1569 4764 tollit

244 4780 384 4849 funditus
406 4780 568 4846 veritatem
591 4787 624 4844 et
643 4777 749 4846 iidem.
1575 4817 1605 4863 4,

317 4997 344 5050 0.
363 5007 419 5046 non
435 4997 512 5046 notet
530 5005 590 5044 cunr
610 4993 725 5046 victorio
745 4993 775 5046 V.
793 4992 824 5043 b.
844 4993 897 5054 te,
916 4994 942 5046 0.
961 4995 1061 5063 Meyer.
1083 5023 1112 5037 -
1133 4997 1177 5051 st.
1192 4999 1368 5062 asquobttttsr
1385 4999 1522 5058 bisuntine
1541 5007 1569 5057 et

249 5067 343 5122 lumb.
355 5068 422 5126 (Cir.
434 5064 463 5129 §-
479 5063 551 5131 198.)
565 5089 593 5102 -
606 5065 648 5114 22.
664 5075 700 5118 est
713 5079 764 5117 om.
777 5065 800 5116 lt
812 5070 839 5117 et
851 5079 901 5130 mg.
913 5068 1020 5131 liepett.
1031 5069 1124 5121 bamb.
1142 5093 1170 5106 -
1185 5073 1228 5124 at.
1239 5074 1274 5122 At
1285 5072 1379 5124 liresd.
1395 5074 1446 5129 Gn.
1461 5081 1486 5129 1.
1495 5079 1522 5127 2.
1536 5101 1566 5114 -

253 5149 345 5196 tomen
362 5150 453 5206 genera
466 5139 540 5191 tilns.
553 5135 624 5190 sotus
637 5139 704 5192 tuter
717 5139 802 5191 adbuc
813 5141 901 5192 notos.
915 5163 946 5180 ··
964 5141 1010 5195 ts.
1024 5149 1061 5194 est
1072 5155 1125 5194 om.
1140 5141 1173 5196 lt.
1184 5169 1219 5184 ·-
1236 5143 1281 5197 00.
1295 5141 1370 5210 offert
1382 5145 1445 5201 lim.
1459 5157 1567 5212 operas.
