3742 5852
319 416 382 483 334
855 421 908 484 ΒΕ
930 417 1118 486 eutrotia

318 582 401 642 runt.
445 577 530 644 Vero
552 575 636 644 enim
659 579 797 656 oraturi,
831 598 912 666 quac
933 581 1058 645 suntin
1078 579 1242 645 hominum
1270 579 1351 653 vita,
1385 574 1639 664 quandoquidem

317 670 349 736 in
373 690 411 736 ea
432 681 574 738 versatur
595 682 702 738 orator
722 681 815 760 atque
836 696 875 740 ea
897 683 944 739 est
966 676 996 739 ei
1017 676 1155 740 subiecta
1177 674 1339 748 materies,
1362 673 1467 738 omnia
1487 676 1639 760 quaesita,

318 765 440 843 audita,
474 765 573 844 lectu,
608 766 778 854 disputata,
810 777 955 842 tractata,
988 769 1103 853 agitata
1132 788 1201 834 esse
1221 766 1349 833 debent.
1394 770 1446 832 55.
1481 771 1535 832 Est
1556 768 1641 833 enim

319 861 496 948 eloquentia
517 881 579 927 una
600 861 753 944 quaedam
775 868 815 931 de
836 863 966 931 summis
994 864 1175 941 virtutibus;
1212 881 1401 948 quamquam
1431 868 1503 926 sunt
1531 882 1640 928 omnes

296 955 448 1023 svirtutes
469 955 617 1041 aequales
638 964 670 1021 et
690 977 798 1044 pares,
820 960 876 1025 sed
898 966 1002 1022 tamen
1023 963 1071 1021 est
1091 959 1213 1043 species
1234 957 1295 1023 alia
1311 958 1411 1042 magis
1425 955 1486 1022 alia
1501 955 1640 1024 formosa

318 1059 350 1116 et
379 1048 526 1128 illustris;
563 1051 644 1116 siout
675 1053 753 1117 baec
785 1052 851 1129 vis,
890 1070 971 1138 quac
1004 1050 1166 1116 scientiam
1198 1049 1363 1136 complexa
1391 1071 1514 1127 rerum,
1548 1071 1640 1116 sensa

318 1144 430 1211 mentis
452 1150 484 1210 ct
505 1143 635 1210 consilia
656 1143 701 1210 sic
721 1147 828 1213 verbis
850 1145 1001 1230 explicat,
1035 1152 1071 1209 ut
1093 1164 1164 1219 eos,
1199 1147 1251 1233 qui
1274 1144 1417 1220 audiant,
1451 1165 1638 1233 quocunque

315 1239 509 1312 incubuerit,
544 1237 644 1324 possit
675 1239 855 1327 impellere;
890 1259 970 1326 quac
997 1259 1059 1327 quo
1088 1237 1190 1305 maior
1216 1247 1264 1304 est
1285 1241 1348 1316 vis,
1382 1239 1445 1305 hoc
1468 1247 1515 1304 est
1537 1241 1636 1324 magis

316 1332 471 1418 probitate
492 1331 650 1417 iungenda
672 1353 855 1418 summaque
875 1335 1062 1417 prudentia;
1087 1353 1220 1417 quarum
1236 1333 1387 1398 virtutum
1410 1331 1591 1418 expertibus
1612 1334 1639 1397 si

279 1447 307 1489 ιο
317 1426 440 1494 dicendi
462 1426 584 1514 copiam
605 1426 843 1503 tradiderimus,
866 1448 931 1492 non
953 1447 1008 1493 cos
1030 1427 1157 1512 quidem
1178 1435 1319 1493 oratores
1344 1426 1559 1502 effecerimus,
1582 1425 1638 1493 sed

315 1518 490 1588 furentibus
511 1524 664 1607 quaedam
686 1543 772 1588 arma
788 1520 975 1588 dederimus.
1017 1523 1086 1586 XV.
1109 1523 1160 1586 56.
1184 1523 1290 1596 Hanc,
1312 1523 1459 1606 inquam,
1482 1520 1639 1606 cogitandi

315 1616 601 1704 pronuntiandique
622 1615 777 1682 rationem
800 1615 927 1702 vimque
948 1614 1074 1681 dicendi
1094 1622 1217 1682 veteres
1240 1617 1349 1682 Graeci
1376 1615 1560 1702 sapientiam
1581 1636 1640 1682 no·

316 1713 486 1778 minabant.
528 1713 609 1776 Hinc
636 1712 683 1778 illi
711 1711 860 1801 Lycurgi,
894 1713 968 1776 hinc
997 1709 1121 1795 Pittaci,
1154 1709 1228 1774 hinc
1250 1709 1382 1776 Solones
1404 1719 1497 1798 atque
1518 1709 1557 1777 ab
1579 1713 1639 1776 hac

158 1838 171 1871 a
317 1808 519 1874 similitudine
541 1805 728 1871 Coruncanii
742 1807 857 1881 nostri,
879 1804 1032 1881 Fabricii,
1058 1807 1209 1879 Catones,
1232 1806 1395 1891 Scipiones
1410 1802 1553 1881 fuerunt,
1575 1825 1638 1871 nou

148 1892 168 1943 μ’
279 1910 379 1966 astam
402 1899 534 1966 sortasse
555 1897 640 1965 docti
662 1903 717 1966 sed
738 1899 857 1986 impetu
879 1901 992 1964 mentis
1013 1896 1107 1963 simili
1128 1905 1161 1963 ct
1180 1898 1354 1964 voluntate.
1398 1883 1518 1965 Eadem
1534 1907 1638 1965 autern

262 1989 272 1998 ''
317 1994 369 2060 alii
400 1991 566 2081 prudentia
593 1991 648 2057 sed
677 1994 809 2060 consilio
837 1996 878 2059 ad
900 1993 982 2060 vitae
1004 1991 1105 2058 studia
1126 1991 1244 2091 dispari
1266 1993 1402 2079 quietem
1425 2001 1519 2080 atque
1540 1996 1639 2061 otium

165 2079 265 2269 ἦ...]
316 2093 456 2268 :itti
467 2085 750 2265 hiltttts
761 2089 1639 2270 1111131111..’.11ξὲ13111ξί1

315 2274 434 2342 litatem
456 2282 637 2361 eapropter
657 2277 756 2360 ipsim
779 2277 926 2341 scientiae
947 2276 1149 2352 suavitatem,
1183 2295 1245 2364 qna
1277 2275 1356 2342 nihil
1384 2285 1433 2344 est
1456 2279 1639 2354 hominibus

279 2389 308 2433 ao
317 2368 500 2444 iucundius,
522 2368 643 2454 plures,
667 2389 760 2457 quam
774 2369 851 2434 utile
865 2368 923 2435 tuit
937 2371 1033 2435 rebus
1047 2369 1196 2456 publicis,
1218 2368 1396 2438 delectavit
1439 2374 1492 2437 57.
1515 2374 1636 2458 ltaque,

316 2473 352 2531 ut
381 2465 414 2529 ei
445 2465 549 2528 studio
582 2485 617 2530 se
649 2463 920 2532 excellentissimis
953 2464 1085 2549 ingeniis
1116 2465 1259 2530 homines
1289 2464 1494 2542 dediderunt,
1532 2485 1573 2530 ex
1601 2484 1639 2529 ca

316 2579 437 2627 summa
452 2557 596 2625 facultate
610 2557 701 2626 vacui
716 2579 752 2625 ac
765 2557 857 2624 libari
876 2557 1028 2641 temporis
1049 2556 1146 2625 multo
1167 2559 1271 2645 plura,
1293 2580 1387 2645 quam
1410 2567 1478 2626 erat
1497 2579 1636 2634 necesse,

317 2653 489 2721 doctissimi
517 2654 662 2719 homines
692 2652 760 2719 otio
788 2651 885 2719 nimio
914 2661 947 2717 et
966 2652 1100 2737 ingeniis
1121 2652 1291 2718 uberrimis
1313 2653 1475 2720 affluentes
1497 2656 1636 2720 curanda

317 2748 377 2814 sibi
411 2768 478 2814 esse
507 2767 544 2811 ac
572 2746 749 2834 quaerenda
778 2755 810 2812 et
836 2743 1050 2830 investiganda
1078 2748 1249 2814 duxerunt.
1294 2751 1372 2814 Nam
1399 2755 1489 2814 vetus
1510 2749 1638 2834 quidem

280 2842 370 2909 ssilla
400 2842 542 2907 doctrina
571 2843 682 2906 eadem
709 2841 834 2907 videtur
855 2848 887 2905 et
908 2848 992 2905 recte
1013 2836 1148 2906 faciendi
1171 2852 1203 2907 et
1223 2840 1305 2908 bene
1327 2841 1451 2908 dicendi
1472 2843 1619 2929 magistra
1626 2865 1636 2923 ;

316 2958 421 3022 neque
453 2933 599 3001 disiuncti
627 2938 788 3009 doctores,
825 2937 881 2999 sed
910 2933 1006 2999 iidem
1036 2944 1124 3000 eraut
1148 2935 1275 3002 vivendi
1302 2945 1524 3022 praeceptores
1545 2944 1638 3022 atque

316 3029 457 3104 dicendi,
490 3038 525 3095 ut
544 3028 598 3094 ille
619 3027 709 3113 apud
725 3032 899 3096 Homerum
920 3029 1083 3105 Phoenix,
1117 3031 1171 3117 qui
1192 3050 1227 3096 sc
1247 3052 1267 3097 a
1288 3030 1381 3098 Peleo
1408 3039 1497 3116 patre
1525 3029 1639 3096 Achilli

315 3127 421 3192 iuveni
443 3125 590 3190 comitem
612 3143 680 3189 esse
702 3122 807 3190 datum
828 3121 905 3189 dicit
925 3127 965 3189 ad
986 3123 1123 3201 bellum,
1159 3123 1303 3190 utillum
1330 3123 1470 3191 efficeret
1498 3133 1639 3192 orato·

316 3242 397 3287 rem
425 3220 637 3286 verborum
665 3226 919 3303 actoremque
948 3238 1089 3284 rarum.
1134 3219 1185 3287 58.
1219 3222 1281 3285 Sed
1309 3228 1345 3285 ut
1363 3221 1508 3286 homines
1528 3218 1638 3285 labore

279 3317 441 3388 scamiduo
464 3321 498 3379 et
517 3311 701 3400 quotidiano
722 3316 853 3390 assueti,
875 3333 946 3380 cum
967 3311 1160 3398 tempestatis
1181 3331 1275 3379 causa
1296 3334 1392 3400 opere
1413 3317 1637 3403 prohibentur,

316 3409 356 3476 ad
378 3409 475 3497 pilam
496 3428 531 3473 se
552 3408 665 3473 autad
686 3405 766 3473 talos
787 3414 842 3473 aut
862 3409 902 3472 ad
922 3415 1057 3472 tesseras
1079 3405 1247 3473 conferunt
1267 3417 1321 3472 aut
1336 3411 1430 3474 etiam
1444 3428 1563 3475 novum
1576 3409 1637 3475 sibi

316 3502 378 3592 ipsi
405 3504 541 3590 aliquem
571 3504 750 3587 excogitant
778 3504 811 3567 in
832 3501 898 3569 otio
920 3500 1041 3577 ludum,
1079 3501 1123 3567 sic
1143 3500 1190 3567 illi
1211 3522 1230 3567 a
1250 3503 1386 3588 negotiis
1406 3503 1539 3589 publicis
1560 3511 1637 3569 tam·

316 3618 410 3688 quam
432 3601 472 3664 ab
494 3617 593 3681 opera
613 3605 668 3662 aut
689 3595 883 3681 temporibus
905 3595 1024 3662 exclusi
1044 3603 1098 3660 aut
1118 3594 1275 3662 voluntate
1297 3618 1354 3663 sua
1373 3595 1476 3663 ieriati
1497 3605 1582 3663 totos
1602 3619 1637 3664 se

317 3693 370 3760 alii
391 3695 431 3759 ad
452 3699 577 3779 petitas,
599 3690 653 3756 alii
674 3693 715 3756 ad
736 3700 928 3776 geometras,
950 3690 1005 3756 alii
1018 3688 1058 3756 ad
1073 3693 1209 3756 musicos
1227 3691 1440 3769 contulerunt,
1461 3691 1514 3758 alii
1529 3693 1635 3769 etiam,

280 3796 352 3855 asut
373 3787 543 3863 dialectici,
565 3804 684 3852 novam
704 3787 764 3851 sihi
786 3784 847 3872 ipsi
868 3788 1006 3852 studium
1026 3783 1198 3872 ludumque
1218 3794 1411 3873 pepererunt
1431 3795 1524 3872 atquc
1545 3785 1578 3852 iu
1599 3786 1637 3852 iis

315 3879 451 3958 artibus,
473 3901 554 3969 quae
575 3887 719 3966 repertae
740 3888 829 3957 sunt,
852 3888 888 3946 ut
907 3899 1078 3967 puerorum
1101 3887 1221 3946 mentes
1242 3879 1282 3946 ad
1304 3880 1526 3947 humanitatem
1541 3878 1638 3967 finge-

194 3995 210 4029 s
315 3984 428 4044 rentur
449 3983 540 4064 atque
561 3979 727 4050 virtutem,
760 3993 854 4060 omne
875 3983 999 4059 tempus
1020 3983 1115 4062 atque
1136 3983 1254 4041 aetates
1276 3995 1347 4041 suas
1368 3981 1637 4059 consumpserunt.

192 4036 218 4104 ²
315 4073 475 4140 111159.
510 4071 572 4135 Sed
602 4066 687 4156 quod
716 4077 805 4134 crant
832 4066 958 4156 quidam
983 4067 1070 4155 iique
1098 4069 1204 4145 multi,
1237 4069 1293 4158 qui
1320 4079 1373 4135 aut
1401 4069 1434 4135 in
1454 4092 1490 4135 re
1511 4066 1637 4154 publica

314 4173 444 4253 propter
471 4163 654 4248 ancipitem,
687 4183 767 4249 quac
795 4182 859 4229 non
888 4170 1083 4250 potestesse
1104 4162 1261 4241 seiuncta,
1295 4162 1430 4230 faciendi
1451 4162 1637 4250 dicendique

185 4258 195 4325 l
277 4259 512 4344 sosapientiam,
533 4255 699 4334 florerent,
722 4263 756 4320 ut
777 4255 1020 4334 Themistocles,
1044 4265 1079 4322 ut
1098 4255 1248 4333 Pericles,
1275 4265 1312 4323 ut
1331 4257 1551 4335 Tberamenes,
1573 4266 1635 4334 aut

184 4338 194 4373 l
316 4355 371 4440 qui
392 4355 494 4419 minus
516 4350 576 4436 ipsi
597 4355 630 4416 iu
651 4371 688 4416 re
709 4350 837 4435 publica
858 4358 1072 4427 versarentur,
1110 4351 1165 4418 sed
1186 4353 1278 4417 huius
1299 4359 1405 4419 mmen
1426 4352 1567 4420 eiusdem
1588 4374 1637 4418 sa-

315 4448 450 4537 pientiae
471 4451 616 4514 doctores
639 4454 756 4524 essent,
782 4454 819 4512 ut
842 4447 988 4530 Gorgias,
1017 4447 1285 4535 Thrasymachus,
1315 4449 1484 4514 Isocrates:
1518 4446 1637 4514 inventi

386 4725 412 4776 1.
437 4724 502 4775 Vero
519 4721 542 4774 Β
558 4721 676 4786 altiqusa
700 4720 792 4772 Verum
803 4720 860 4773 ΒΒ.
879 4717 959 4784 (Vero
977 4722 1044 4774 anim
1062 4733 1125 4773 osro
1142 4733 1157 4772 a
1176 4719 1228 4772 (iu.
1242 4719 1268 4772 1.
1281 4719 1308 4772 Β.
1324 4718 1483 4787 Sahutstus.)
1494 4747 1527 4759 ·—
1545 4724 1572 4776 7.
1590 4723 1637 4789 qut

316 4795 420 4858 quidam
439 4794 604 4846 codicelli.
628 4789 754 4856 (audiunt
777 4799 867 4845 contra
890 4793 970 4850 libros
993 4792 1089 4853 lunta,
1114 4787 1275 4856 Schutatus.)
1303 4815 1333 4830 -·
1354 4794 1397 4844 11.
1415 4791 1537 4858 iuquam]
1557 4808 1636 4858 quum

317 4865 380 4929 Lag,
400 4865 536 4929 ptertquo,
554 4876 604 4929 que
621 4863 684 4927 hag.
704 4870 849 4928 quattuor,
871 4876 924 4916 om.
944 4863 1007 4926 hag.
1027 4863 1070 4914 13.
1108 4861 1197 4914 iiabst
1215 4864 1277 4928 hag.
1298 4861 1342 4914 33.
1362 4869 1390 4916 et
1405 4865 1438 4915 Β.
1476 4866 1512 4918 m
1529 4867 1551 4918 Β
1570 4867 1636 4918 nihil

317 4942 436 4987 notatum
450 4941 507 4995 est,
527 4934 610 4995 adso,
628 4940 658 4986 ut
674 4934 795 4987 rideatur
811 4934 919 4986 habere.
936 4957 967 4971 -
985 4931 1030 4982 14.
1050 4933 1200 4984 coniurasti
1217 4935 1249 4985 Β.
1270 4959 1299 4971 -
1320 4935 1363 4985 aa.
1379 4934 1524 5000 prudentio
1542 4936 1591 4987 otti
1603 4937 1635 4990 B.

319 5030 348 5044 -
368 5004 413 5054 ΒΒ.
432 5001 475 5068 oa]
495 5008 520 5054 st
536 5005 567 5056 Β.
587 5027 618 5042 -
648 5002 692 5054 33.
711 5005 788 5056 illum
805 5017 858 5056 om.
877 5005 908 5055 Β.
928 5028 963 5040 -
988 5001 1033 5055 33.
1052 5003 1199 5058 columma
1216 5017 1277 5058 ιιιω
1294 5004 1325 5058 Β.
1345 5027 1379 5044 -
1398 5006 1443 5058 dt).
1463 5012 1488 5057 st
1505 5007 1635 5060 amoto.-

316 5081 347 5128 ιιι
364 5075 397 5128 Β.
419 5099 448 5114 ··
466 5079 514 5128 ost
532 5076 641 5142 quisquo
659 5074 690 5126 Β.
710 5100 742 5113 -
761 5075 806 5127 41.
826 5073 871 5126 sed
888 5080 919 5126 ut
936 5074 1013 5126 huius
1032 5071 1063 5126 Β.
