3742 5852
321 425 385 492 318
907 419 1058 488 BRUTUS

319 584 439 672 inquit,
463 589 502 653 ad
516 591 548 652 11
563 587 668 652 auimo
682 584 842 658 venimus,
863 588 899 649 ut
920 581 960 649 de
980 603 1017 648 re
1038 578 1165 669 publica
1186 587 1270 647 esset
1291 581 1449 650 silentium
1471 591 1503 649 11
1526 584 1648 672 aliquid

320 681 501 748 audiremus
523 683 630 765 potius
653 699 693 744 ex
714 687 764 755 te,
789 698 884 764 quam
905 685 936 742 te
959 673 1153 742 afficeremus
1174 675 1245 743 ulla'
1259 679 1414 744 molestia.
1459 683 1524 746 Vos
1546 701 1645 758 vero,

320 778 466 864 inquam,
489 775 606 851 Attice,
630 781 663 839 et
683 779 880 859 praesentem
902 793 953 837 me
974 791 1049 838 cura
1069 770 1181 837 levatis
1204 779 1237 837 ct
1256 770 1379 838 absenti
1401 794 1515 858 magna
1535 775 1646 843 solatia

321 870 461 938 dedistis.
505 873 583 936 Nam
613 870 725 934 vestris
753 869 891 950 primum
919 863 1030 933 litteris
1061 873 1221 932 recreatus
1249 886 1300 931 me
1329 871 1369 934 ad
1390 867 1522 955 pristina
1543 871 1647 937 studia

298 963 477 1033 srevocavi.
522 968 602 1031 Tum
622 963 695 1037 ille,
729 963 826 1047 Legi,
855 960 972 1046 inquit,
1000 959 1203 1048 perlubenter
1224 960 1404 1048 epistolam.
1435 964 1591 1049 quemad
1613 973 1645 1032 te

319 1063 434 1126 Brutus
463 1058 548 1125 misit
575 1078 616 1122 ex
645 1057 732 1133 Asia,
765 1076 828 1142 qua
855 1055 934 1120 milri
961 1054 1047 1121 visus
1075 1063 1124 1120 est
1151 1063 1183 1120 et
1209 1075 1340 1122 monere
1365 1064 1397 1122 te
1420 1057 1590 1144 prudenter
1611 1069 1645 1128 et

321 1154 476 1222 consolari
507 1151 706 1219 amicissime.
753 1154 804 1216 12.
838 1151 951 1224 Recte,
987 1152 1134 1236 inquam,
1170 1157 1217 1217 est
1246 1152 1343 1216 visus.
1387 1154 1467 1217 Nam
1496 1173 1548 1219 me
1577 1153 1645 1221 istis

320 1249 398 1316 scito
430 1248 542 1314 litteris
571 1269 612 1313 ex
641 1245 788 1312 diuturna
817 1245 1053 1342 perturbatione
1080 1244 1176 1310 totius
1205 1244 1391 1312 valetudinis
1419 1257 1578 1333 tamquam
1605 1253 1645 1315 ad

321 1342 553 1427 adspiciendum
579 1340 682 1407 luceru
714 1361 783 1406 esse
811 1350 1005 1406 revocatum.
1050 1344 1151 1426 Atque
1176 1347 1211 1404 ut
1238 1347 1311 1424 post
1339 1343 1532 1408 Cannensem
1560 1343 1645 1411 illam

284 1435 527 1504 socalamitatem
559 1434 697 1522 primum
727 1433 868 1500 Marcelli
897 1434 938 1500 ad
965 1434 1075 1500 Nolam
1103 1436 1227 1518 proelio
1257 1433 1392 1521 populus
1420 1455 1455 1501 se
1483 1439 1644 1505 Romanus

322 1530 424 1597 erexit
455 1539 628 1617 posteaque
657 1550 828 1617 prosperae
857 1550 908 1596 res
937 1529 1085 1612 deinceps
1115 1526 1229 1593 multae
1259 1537 1446 1594 consecutae
1475 1543 1563 1607 sunt,
1600 1533 1645 1600 sic

319 1634 392 1712 post
419 1646 526 1692 rerum
554 1633 733 1691 nostrarum
759 1633 791 1690 et
811 1624 1027 1691 communium
1048 1620 1249 1708 gravissimos
1270 1641 1360 1686 casus
1384 1622 1462 1690 nibil
1483 1633 1556 1692 ante
1578 1626 1644 1713 epi-

320 1721 431 1787 stolam
453 1723 541 1787 Bruti
564 1721 641 1786 mibi
662 1717 792 1797 accidit,
829 1722 913 1806 quod
942 1718 1055 1785 vellem
1076 1724 1130 1782 aut
1151 1718 1237 1801 quod
1258 1716 1364 1802 aliqua
1385 1738 1424 1783 en
1446 1729 1534 1803 parte
1557 1721 1642 1787 solli·

321 1814 474 1883 citudines
486 1814 637 1881 allevaret
650 1834 746 1880 meas.
794 1817 844 1879 13.
869 1819 948 1880 Tum
960 1817 1090 1885 Brutus,
1112 1809 1206 1880 Volui
1221 1808 1253 1875 id
1266 1811 1393 1898 quidem
1418 1813 1544 1880 ellicere
1558 1825 1642 1882 certe

283 1927 312 1972 ss
322 1919 353 1976 11
374 1910 465 1998 capio
485 1929 632 1995 magnum
653 1907 804 1981 fructum,
828 1907 854 1973 si
876 1905 1002 1994 quidem
1025 1909 1110 1992 quod
1133 1909 1219 1972 volui
1242 1907 1378 1974 tantuin
1402 1932 1437 1975 re
1458 1920 1642 1980 consecutus

322 2027 401 2071 sum.
445 2007 507 2071 Sed
528 2006 609 2069 scire
632 2004 743 2087 cupio,
768 2023 849 2090 quae
870 2012 902 2067 te
923 2001 1016 2066 Attici
1031 2000 1152 2066 litterae
1168 2002 1400 2069 delectaverint
1444 2007 1526 2071 Istae
1548 2027 1642 2081 rero,

320 2103 468 2186 inquam,
504 2101 619 2176 Brute,
656 2119 719 2164 non
747 2095 843 2163 modo
872 2095 1110 2162 delectationem
1132 2095 1226 2170 mibi,
1260 2096 1315 2163 sed
1336 2100 1446 2172 etiam,
1478 2109 1514 2166 ut
1534 2121 1643 2187 spero,

321 2199 452 2262 salutemr
473 2195 654 2259 attulerunt.
699 2194 862 2258 Salutemt
884 2190 987 2278 inquit
1006 2191 1073 2256 ille.
1120 2190 1287 2268 Quodnam
1308 2195 1434 2258 tandem
1451 2213 1550 2279 genus
1565 2195 1644 2262 istuc

321 2299 385 2356 1111
401 2290 596 2377 praeclarum
611 2287 784 2354 litterarum
807 2285 889 2352 suist
912 2292 960 2353 An
974 2284 1052 2352 mihi
1065 2284 1181 2372 potuit,
1203 2287 1349 2371 inquam,
1374 2308 1442 2354 esse
1457 2298 1511 2354 sut
1525 2292 1644 2375 gratior

282 2384 384 2452 seulla
411 2382 555 2451 salutatio
582 2389 636 2448 aut
663 2385 703 2447 ad
731 2385 792 2447 boc
819 2388 942 2467 tempus
963 2379 1067 2467 aptior
1087 2399 1180 2466 quam
1202 2379 1285 2446 illius
1307 2380 1399 2458 libri,
1434 2403 1497 2472 quo
1521 2405 1571 2451 me
1591 2387 1643 2450 bie

319 2478 431 2546 allatus
453 2479 541 2564 quasi
562 2477 715 2542 iacentem
730 2477 897 2541 excitavit?
921 2475 971 2540 lb.
989 2479 1068 2541 Tum
1082 2473 1150 2550 ille,
1175 2477 1295 2558 Nempe
1314 2495 1385 2540 eum
1402 2478 1499 2552 dicis,
1522 2479 1641 2564 inquit,

319 2595 383 2662 quo
406 2574 465 2641 iste
486 2593 612 2638 omnem
634 2593 740 2638 rerum
763 2570 948 2636 memoriam
970 2569 1111 2634 breviter
1137 2575 1184 2644 et,
1219 2577 1254 2634 ut
1280 2569 1356 2634 mihi
1385 2569 1511 2658 quidem
1540 2573 1642 2639 visum

319 2677 382 2746 est,
415 2666 640 2756 perdiligenter
660 2667 843 2752 complexus
864 2670 933 2730 cett
968 2667 1066 2729 Istum
1087 2665 1208 2749 ipsum,
1240 2662 1386 2750 inquam,
1416 2671 1530 2744 Brute,
1555 2667 1641 2744 dico,

318 2764 434 2831 librum
455 2761 531 2828 milri
553 2760 646 2827 saluti
666 2758 774 2827 luisse.
819 2761 872 2825 lv.
897 2764 976 2825 Tum
991 2761 1135 2834 Atticus,
1160 2758 1395 2841 Optatissimum
1417 2762 1493 2827 mihi
1516 2766 1641 2851 quidem

280 2869 380 2935 esest,
404 2856 490 2945 quod
505 2855 599 2922 dicis:
624 2853 680 2922 sed
695 2853 771 2941 quid
786 2852 911 2920 tandem
933 2854 1045 2920 babuit
1066 2852 1147 2918 liber
1168 2855 1243 2931 iste,
1265 2853 1350 2940 quod
1371 2853 1429 2922 tibi
1449 2864 1504 2920 aut
1524 2877 1640 2922 novum

317 2962 371 3020 aut
390 2960 476 3018 tanto
498 2953 569 3016 usui
591 2956 698 3036 posset
717 2953 806 3014 esset
830 2951 881 3013 15.
905 2949 961 3014 Ille
975 2970 1050 3014 vero
1066 2954 1098 3012 et
1112 2966 1216 3025 nova,
1239 2946 1386 3036 inquam,
1410 2949 1487 3015 milri
1509 2953 1637 3037 quidem

316 3049 413 3114 multa
435 3057 466 3113 et
486 3067 555 3112 eam
576 3044 757 3119 utilitatem,
778 3063 873 3128 quam
895 3041 1114 3129 requirebam,
1138 3051 1175 3107 ut
1195 3043 1359 3127 explicatis
1381 3043 1543 3110 ordinibus
1562 3054 1641 3111 tem·

314 3161 429 3230 porum
456 3161 520 3206 uno
549 3139 582 3204 in
610 3145 779 3225 conspectu
806 3133 913 3203 omnia
938 3135 1098 3216 uiderem3
1137 3158 1217 3224 qnae
1245 3157 1316 3204 cum
1343 3142 1485 3206 studiose
1506 3148 1639 3207 tractare

316 3237 508 3324 coepissem,
540 3235 610 3318 ipsa
641 3231 719 3296 mibi
750 3235 892 3298 tractatio
925 3229 1098 3297 litterarum
1131 3232 1274 3298 salutaris
1305 3234 1367 3298 fuit
1397 3232 1638 3321 admonuitque,

277 3329 484 3419 sel‘omponi,
506 3338 541 3394 ut
560 3334 623 3393 ate
644 3327 714 3410 ipso
736 3346 894 3393 sumerem
914 3325 1035 3413 aliquid
1056 3329 1096 3391 ad
1118 3346 1168 3391 me
1189 3325 1394 3394 reficiendum
1416 3336 1512 3416 teque
1534 3351 1640 3395 remn-

313 3424 488 3492 nerandum
521 3423 546 3489 si
575 3442 639 3488 non
672 3421 756 3508 pari,
790 3429 821 3486 at
843 3428 931 3506 grato
953 3428 1058 3486 tamen
1079 3441 1226 3487 muneret
1264 3443 1452 3510 quamquam
1474 3424 1553 3491 illud
1575 3427 1639 3490 He-

312 3521 449 3586 siodium
476 3517 622 3586 laudatur
649 3538 667 3583 a
693 3515 811 3591 doctis,
848 3515 932 3602 quod
965 3514 1074 3581 eadem
1102 3535 1249 3581 mensura
1272 3519 1407 3582 reddere
1436 3516 1542 3595 iubet,
1577 3541 1637 3605 qua

312 3615 490 3698 acceperis,
512 3612 677 3679 autetiam
696 3609 918 3685 cumulatiore,
946 3613 972 3675 si
993 3611 1105 3697 possis.
1153 3613 1204 3675 16.
1227 3614 1295 3695 Ego
1317 3620 1422 3677 autem
1445 3613 1636 3681 voluntatem

311 3711 369 3774 tibi
390 3707 534 3792 prolecto
556 3706 701 3784 emetiar,
734 3704 790 3771 sed
817 3724 886 3788 rem
914 3709 1016 3792 ipsam*
1043 3706 1182 3770 nondum
1201 3725 1294 3792 posse
1319 3703 1448 3787 videor3
1484 3705 1579 3795 idque
1602 3716 1638 3773 ut

274 3822 301 3865 ss
310 3805 472 3888 ignoscas,
495 3822 514 3866 a
533 3808 564 3866 te
584 3809 669 3889 peto.
713 3803 779 3866 Nec
799 3804 883 3865 enim
906 3821 947 3865 ex
968 3797 1079 3874 noris,
1103 3806 1139 3863 ut
1161 3799 1319 3883 agricolae
1340 3800 1461 3878 solent,
1484 3801 1637 3868 fructibus

311 3907 374 3975 est,
409 3895 493 3963 unde
515 3896 572 3962 tibi
593 3894 723 3961 reddam
746 3898 832 3981 qnod
854 3894 979 3979 accepi;
1015 3896 1060 3958 sic
1082 3894 1184 3959 omnis
1206 3893 1287 3960 letus
1308 3915 1472 3982 repressus
1494 3907 1636 3965 exustus-

311 4014 373 4080 qne
400 3991 459 4058 llos
486 3991 539 4057 siti
566 3993 685 4058 veteris
703 3988 856 4055 ubertatis
885 3987 1026 4066 exaruit,
1061 4010 1120 4053 nec
1142 4011 1185 4054 ex
1212 3989 1361 4064 conditis,
1396 3990 1449 4078 qui
1474 3993 1577 4057 iacent
1604 3996 1636 4058 in

309 4086 449 4155 tenebris
463 4090 548 4152 etad
564 4105 644 4172 quos
664 4088 767 4151 omnis
781 4085 874 4148 nobis
888 4081 1010 4160 aditus,
1034 4083 1089 4168 qui
1107 4103 1206 4169 paene
1227 4084 1303 4149 solis
1317 4085 1432 4168 patuit,
1456 4088 1635 4152 obstructus

310 4192 368 4249 est.
415 4183 561 4247 Seremus
578 4180 674 4266 igitur
700 4177 818 4266 aliquid
838 4186 997 4262 tamqnam
1018 4176 1049 4242 in
1067 4178 1184 4245 inculto
1205 4189 1236 4245 et
1257 4178 1407 4246 derelicto
1429 4179 1517 4259 sol03
1552 4182 1636 4268 quod

271 4295 300 4338 11
310 4281 353 4345 ita
367 4277 532 4362 diligenter
544 4275 701 4351 colemus,
723 4281 759 4340 ut
778 4271 945 4360 impendiis
965 4270 1058 4338 etiam
1080 4293 1197 4356 augere
1218 4273 1375 4356 possimus
1391 4273 1566 4358 largitatem
1590 4273 1636 4340 tui

309 4371 467 4450 muneris3
502 4374 598 4437 modo
629 4369 714 4436 idem
744 4376 853 4434 noster
881 4367 1002 4431 animus
1031 4363 1157 4432 efficere
1178 4369 1293 4452 possit,
1328 4365 1413 4454 quod
1436 4387 1525 4453 ager,
1560 4368 1631 4456 qui,

308 4489 380 4537 cum
398 4465 513 4532 multos
527 4484 626 4532 annos
647 4463 780 4552 quievit,
801 4461 969 4528 uberiores
992 4459 1107 4527 efferre
1126 4461 1231 4548 fruges
1251 4462 1339 4528 solet
1385 4467 1436 4528 17.
1459 4466 1540 4529 Tum
1561 4463 1633 4541 ille,

307 4567 377 4647 Ego
396 4581 472 4627 vero
495 4570 527 4626 et
549 4561 738 4647 exspectabo
762 4577 815 4634 ea,
847 4576 927 4642 quae
951 4556 1130 4643 polliceris,
1158 4579 1218 4622 nec
1244 4556 1367 4643 exigam
1389 4557 1449 4624 nisi
1472 4568 1526 4623 tuo
1549 4580 1636 4626 com-

307 4655 402 4722 modo
425 4662 458 4720 et
481 4663 573 4722 erunt
593 4655 673 4721 mihi
694 4661 858 4742 pergrata,
881 4652 908 4718 si
923 4651 1066 4718 solveris.
1110 4652 1188 4718 Mihi
1211 4671 1355 4737 qnoque,
1378 4651 1479 4740 inquit
1497 4656 1633 4728 Brutus,

270 4773 297 4815 ss
309 4749 519 4839 exspectanda
541 4759 613 4816 sunt
635 4771 691 4829 ea,
715 4771 796 4836 quae
817 4747 919 4814 Attico
941 4745 1111 4833 polliceris,
1134 4746 1193 4812 etsi
1214 4746 1345 4813 sortasse
1366 4767 1424 4832 ego
1448 4769 1467 4812 a
1488 4756 1520 4812 te
1541 4747 1633 4813 huius

376 4964 420 5015 21.
441 4963 509 5014 11111
528 4964 574 5028 Lg.
594 4964 620 5016 8.
641 4963 684 5014 88.
702 4963 747 5014 51.
764 4961 808 5015 88.
827 4960 872 5012 58.
891 4960 935 5012 18.
955 4961 1022 5014 Ven.
1039 4962 1084 5020 1.,
1106 4960 1138 5010 B.
1159 4983 1191 4995 ·-
1218 4959 1262 5010 81.
1284 4961 1409 5010 remetior
1427 4958 1504 5012 Btrlo
1525 4964 1635 5010 anctore

306 5033 336 5086 1..
351 5057 384 5073 ·-
402 5035 445 5087 81.
465 5036 511 5085 1111
522 5034 572 5102 1111
586 5035 617 5086 1..
641 5059 670 5076 -·
691 5033 735 5084 18.
748 5047 795 5084 eac
806 5033 845 5091 B,
867 5032 890 5082 B
905 5038 931 5084 et
943 5039 1047 5085 ceterae
1061 5029 1126 5082 de.
1139 5036 1200 5082 ants
1212 5030 1329 5081 Aldum:
1350 5041 1432 5092 11111
1446 5031 1589 5082 11111111
1602 5030 1633 5080 11.

308 5131 337 5145 -
356 5105 401 5159 15.
420 5106 650 5171 exspectandae,
670 5109 698 5157 11
713 5107 752 5156 111
769 5103 874 5160 volebat
892 5106 971 5154 ettam
990 5103 1028 5153 B:
1057 5107 1082 5155 11
1099 5102 1275 5166 exspectando
1293 5113 1353 5153 cum
1381 5100 1456 5152 ltbrts
1481 5101 1550 5152 notts
1575 5100 1633 5152 1111.

1854 1698 1864 2138 l
