3720 5840
1537 454 1588 512 vir

349 606 547 700 Ubicunque
577 609 698 680 incerti
726 628 858 680 eramus
875 608 928 678 de
954 609 1100 677 lectione
1121 606 1226 676 codd
1247 607 1458 689 nostrorum,
1492 606 1588 672 uncis

130 786 136 796 .
265 726 457 795 inclusimus
477 716 559 810 (A)
579 727 635 792 vel
653 726 750 793 etlam
771 725 1047 814 interrogationis
1066 725 1196 814 signum
1217 720 1454 807 adscripsimus
1475 709 1589 801 (00).

350 841 415 908 llis
435 841 625 908 nonoribus
646 840 759 926 utique
781 839 924 906 testibus
946 839 1180 925 opposuimus:

350 953 385 1021 R
405 973 447 1009 =
468 953 646 1022 editionem
669 955 715 1020 itu
745 952 987 1038 subscriptam:
1022 951 1122 1018 Anno
1144 948 1224 1034 ΧᾷΙ.
1249 948 1299 1016 Μ.
1319 941 1440 1017 0000.
1462 943 1592 1014 LXIX.

267 1068 321 1136 die
350 1087 435 1135 vero
464 1067 545 1135 Xll.
567 1068 689 1136 mensis
709 1066 867 1134 Ianuarii.
903 1065 1008 1132 nome
1031 1056 1127 1146 (aie)
1164 1066 1197 1129 in
1220 1062 1318 1130 domo
1340 1061 1506 1151 magnifici
1527 1059 1590 1124 uiri

268 1181 362 1250 Petri
383 1181 426 1250 de
447 1181 609 1250 Maximo.
629 1181 720 1265 Fui,
749 1199 845 1268 quum
866 1181 1130 1246 subministravit
1152 1177 1353 1246 bibliotheca
1374 1174 1590 1242 Basiieensis.

267 1294 362 1378 Quae
384 1294 486 1362 editio
508 1298 586 1382 posi
607 1291 847 1363 Subiacentem
876 1296 911 1360 et
932 1292 1141 1360 Hahninnam
1170 1292 1399 1379 antiquissima
1427 1287 1591 1356 interdum

267 1409 479 1477 concordans
500 1410 691 1476 melioribus
712 1427 786 1477 cum
808 1409 923 1489 libris,
955 1408 1147 1494 plerumque
1175 1408 1285 1472 tamen
1307 1405 1485 1472 lectionum
1508 1419 1592 1489 pra-

267 1542 382 1591 varum
408 1523 683 1590 Ernesttanernm
718 1523 879 1610 originem
908 1523 941 1586 in
963 1522 1104 1608 vulgata
1125 1525 1306 1588 contextus
1328 1518 1592 1586 conformatione

268 1635 425 1704 ostendit.
469 1635 560 1704 Mire
581 1641 691 1704 autem
713 1638 881 1737 consentit
903 1653 975 1703 cum
997 1634 1192 1726 Lagomars.
1213 1629 1293 1718 90,
1324 1651 1419 1719 quem
1447 1648 1468 1696 a
1496 1629 1593 1698 Poll-

268 1755 360 1819 tiano
383 1753 568 1820 correctum
591 1769 667 1818 esse
689 1751 811 1817 ierunt.
1472 1765 1474 1770 ·

352 1864 393 1932 ln
422 1864 557 1932 Bruto
586 1864 701 1932 eadem
723 1863 876 1930 liomuna
898 1852 977 1943 (li)
1000 1863 1158 1949 princeps
1179 1863 1232 1927 est
1253 1859 1378 1945 editio,
1410 1860 1504 1926 coins
1527 1875 1593 1924 va-

269 1981 424 2046 rietatem
445 1982 603 2046 accurate
634 1979 852 2044 enatavimus
905 1974 1060 2044 Ceterum
1082 1979 1161 2063 post
1181 1976 1321 2042 alteram
1343 1970 1459 2042 0rellli
1482 1989 1594 2039 coram

271 2083 406 2176 (Turici
427 2090 479 2158 Μ.
495 2084 620 2160 0000.
634 2080 771 2172 XXX.)
793 2089 989 2175 prodierunt
1002 2092 1138 2175 praeter
1154 2087 1304 2156 Kunlsaii
1328 2087 1474 2154 inutilem
1497 2086 1595 2172 opel-

270 2207 335 2274 lam
364 2209 398 2272 et
425 2201 638 2273 Sternianam
666 2204 791 2273 scholis
819 2203 992 2271 dumtaxat
1022 2203 1222 2269 destinatam
1252 2202 1416 2268 editiones
1443 2199 1595 2288 Meyeri,

271 2313 391 2410 (Helie
402 2318 452 2385 Μ.
467 2314 593 2388 0000.
606 2308 843 2403 xxxvia),
875 2317 989 2384 Peteri
1011 2307 1168 2403 (Lipsiae
1183 2315 1233 2384 Μ.
1246 2309 1371 2384 0000.
1386 2303 1594 2396 XXXIX),

270 2432 432 2500 Ellendtii
443 2424 671 2522 (liegimontii
684 2430 798 2504 Prusa.
809 2430 858 2498 Μ.
866 2427 991 2499 0000.
999 2429 1133 2514 XLIV„
1145 2431 1242 2497 nobis
1254 2419 1325 2513 b),
1340 2449 1474 2516 quarum
1490 2428 1597 2513 copiis

272 2545 453 2636 diligenter
474 2547 524 2613 usi
552 2565 681 2630 sumus,
714 2545 847 2612 easdem
870 2547 967 2612 etiam
990 2541 1094 2613 codd.
1115 2549 1216 2611 notas
1235 2545 1431 2611 retinentes.
1473 2537 1533 2610 sic
1566 2538 1596 2604 0

273 2663 328 2728 est
351 2659 432 2728 Cod.
453 2659 541 2748 lieg.
564 2655 681 2728 7704.
702 2655 781 2728 Sec.
802 2658 879 2726 XV·
1569 2719 1574 2736 ,

357 2774 397 2840 ln
436 2770 618 2842 Oratore
652 2771 701 2838 ed
736 2771 786 2840 Μ.
817 2751 991 2851 Βιιιῐιιιιι
1019 2777 1097 2858 post
1134 2769 1336 2839 0rcllionam
1372 2790 1483 2838 coram
1519 2771 1597 2836 anni

272 2887 324 2956 Μ.
336 2883 461 2955 0000.
471 2885 587 2954 ΧΧΧ.
619 2905 707 2954 nunc
741 2905 802 2952 nos
830 2885 1030 2953 adiuverunt
1058 2884 1195 2954 Goeller
1225 2877 1383 2972 [lipsiae
1410 2885 1459 2953 Μ.
1474 2880 1599 2956 0000.

272 2996 516 3084 xxxvia),
548 3000 652 3068 Peter
679 3005 780 3086 atque
809 3000 942 3066 Wcller
970 2990 1127 3086 [Lipsiae
1153 2999 1204 3067 M·
1224 2996 1349 3070 0000.
1363 2989 1598 3081 XXXVIII).

273 3113 309 3181 A
330 3114 497 3204 significat
518 3114 690 3201 Excerpta
718 3113 853 3182 Codicis
880 3113 1142 3180 Abrincensisa
1169 3113 1394 3182 llnvaissonio
1425 3114 1524 3182 edita.
1566 3111 1600 3178 li

274 3247 391 3295 rursus
417 3231 471 3295 esi
492 3228 644 3295 liomona
665 3229 722 3294 illa
744 3229 921 3314 princeps3
952 3222 1109 3295 Codicum
1138 3229 1514 3313 praestantissimorum,
1535 3226 1600 3297 Vt-

275 3343 504 3430 tebergensls‚
525 3340 785 3425 thsiedlensis,
807 3340 1010 3409 liresdensis
1026 3345 1090 3410 cet.
1103 3345 1206 3408 notne
1221 3362 1282 3429 per
1299 3363 1337 3412 se
1359 3345 1599 3435 intelliguntur.

360 3457 401 3523 ln
428 3455 601 3542 Topicis
627 3457 706 3540 post
727 3455 866 3522 alteram
889 3452 1092 3522 Orellianam
1114 3473 1226 3525 curam
1248 3477 1339 3526 nova
1360 3456 1509 3527 subsidia
1531 3477 1599 3526 non

275 3573 503 3640 accesserunt.
543 3569 599 3636 lix
614 3569 671 3636 illa
685 3587 768 3656 ergo
785 3568 992 3656 repetendae
1012 3575 1091 3638 sunt
1112 3574 1231 3663 nolae,
1251 3573 1398 3662 alioquin
1420 3574 1601 3642 obscurae:

360 3702 381 3751 a
404 3703 445 3738 =
467 3680 549 3752 cod.
570 3681 813 3750 Elinsiedlcnsls
833 3683 875 3750 N.
897 3680 987 3750 324.
1007 3678 1086 3754 sec.
1106 3684 1152 3753 ic

359 3800 381 3868 b
403 3817 445 3853 =
467 3797 549 3866 Cod.
571 3793 807 3885 sangallensis
828 3797 869 3864 N.
891 3794 979 3864 830.
1001 3795 1079 3867 sec.
1101 3796 1146 3866 ic

362 3929 443 3980 c=
465 3909 547 3980 cod
568 3907 804 4002 sangallensis
825 3930 899 3981 cum
921 3910 1055 3980 Boethii
1076 3913 1331 3999 commentario,
1358 3931 1495 3983 mancus
1522 3911 1601 3980 inde

277 4021 355 4110 as.
376 4023 439 4093 70.
460 4025 501 4094 Ν.
523 4024 613 4094 854.
635 4021 713 4093 Sec.
734 4024 780 4094 Χ.

361 4137 384 4206 d
404 4159 445 4195 =
467 4135 583 4208 codex
605 4134 840 4231 sangallensis
868 4139 909 4212 Ν.
931 4139 1021 4210 818.
1053 4136 1134 4213 Sec.
1154 4140 1218 4211 Xl.
1260 4142 1334 4211 Hos
1356 4144 1514 4231 quattuor
1535 4159 1601 4210 ex-

278 4253 384 4322 cussit
407 4250 563 4322 ursinus.

362 4367 434 4435 f:
450 4363 531 4436 cod.
542 4367 799 4459 Vitebergensis
816 4368 895 4438 anni
913 4367 963 4438 Μ.
974 4364 1095 4440 0000.
1106 4367 1259 4440 XXXII„
1277 4370 1420 4439 collatus
1435 4370 1600 4440 aBeiero.
1740 4403 1746 4429 .

363 4480 422 4550 Gr.
441 4499 483 4535 =
504 4478 622 4551 Codex
651 4481 890 4570 Gryphianus,
934 4487 1028 4553 cuius
1060 4491 1222 4574 excerpta
1251 4485 1344 4553 dedii
1374 4486 1425 4552 lo.
1453 4483 1602 4554 Michael

277 4593 405 4666 Brutus
426 4597 461 4663 in
483 4594 632 4664 editione
653 4595 871 4684 {lugdunensi
892 4598 982 4686 apud
1005 4599 1190 4690 Gryphium
1211 4599 1262 4667 Μ.
1276 4600 1316 4666 0.
1331 4599 1440 4667 LXX.

363 4709 409 4798 0,
433 4707 597 4798 0,11,o
619 4729 661 4765 --
688 4706 832 4779 Codices
854 4716 1011 4800 quattuor
1034 4710 1247 4782 oxonienses
1268 4717 1302 4782 ln
1323 4713 1482 4784 Editione
1504 4711 1602 4783 Oxo-

278 4819 388 4895 niensi
409 4819 460 4894 sio
481 4825 643 4914 insigniti.

363 4939 462 5007 Vallo
483 4955 526 4992 -τ
547 4936 660 5006 Editio
683 4936 824 5027 Georgii
844 4939 973 5009 Vallee.
993 4941 1147 5010 Veneliis
1167 4941 1217 5010 Μ.
1232 4937 1353 5012 0000.
1367 4941 1476 5012 ΧοΙΙ.

364 5053 445 5120 Νοι.
465 5053 522 5120 vel
544 5053 576 5120 N
595 5071 636 5106 =
658 5053 722 5120 ΕΜ.
744 5054 1016 5145 Norimbergenis
1037 5055 1087 5123 Μ.
1102 5051 1223 5127 0000.
1237 5056 1377 5126 xevn.

365 5167 428 5236 BV
449 5185 492 5224 =
513 5165 645 5234 Boethii
668 5163 801 5256 Opera,
826 5164 979 5238 venetiis
1000 5169 1051 5238 Μ.
1065 5169 1106 5239 ll.
1119 5172 1183 5238 lll.
