3720 5840
517 443 595 508 nm.
619 390 676 508 iu.
722 441 757 507 c.
782 445 834 515 ss.
856 445 909 510 ar.
953 443 1030 516 nin.
1052 447 1106 514 rv.
1152 444 1187 510 o.
1213 447 1241 510 1.
1493 443 1534 512 te

210 604 309 668 rimos
342 604 429 669 locos
462 609 497 666 ut
525 601 641 669 habeas
670 613 701 669 et
731 625 824 689 quam
857 604 994 694 maxime
1023 610 1062 672 ad
1084 613 1250 694 praccepta
1273 609 1533 682 accommodatos,

210 717 323 762 curare
347 696 488 762 debebis.
542 700 578 762 In
600 698 788 782 imaginihus
811 699 1002 766 collocandis
1024 699 1168 766 exerceri
1196 699 1336 784 quotidie
1358 701 1532 765 conveniet.

211 796 281 858 Non
309 792 414 868 enirn,
451 792 532 856 siout
562 811 580 856 a
603 794 715 857 ceteris
737 793 846 859 studiis
868 794 1053 860 abducimur
1074 815 1298 879 nonnunquam
1321 796 1534 880 occupatione,

211 888 285 951 iteni
308 890 348 952 ah
370 890 428 950 hac
449 905 485 950 re
506 905 565 951 uos
586 895 689 970 potest
710 907 802 954 causa
825 892 981 955 deducere
1003 890 1116 975 aliqua.
1166 893 1331 973 Nunquam
1360 889 1413 953 est'
1438 892 1533 963 cuim,

212 982 287 1066 quin
310 981 426 1068 aliquid
446 979 619 1045 memoriae
649 984 774 1046 tradere
804 983 935 1048 velimus
968 993 999 1048 et
1031 993 1096 1048 turn
1130 984 1288 1059 maxime,
1327 1003 1399 1047 cum
1430 983 1558 1066 aliquos

211 1075 332 1139 maiore
354 1073 482 1158 negotio
504 1074 690 1140 detinemur.
748 1079 853 1154 Quare
875 1100 946 1143 cum
969 1079 1008 1143 sit
1028 1077 1104 1142 utile
1125 1078 1216 1142 focile
1240 1076 1438 1152 meminisse,
1472 1096 1537 1140 non

212 1178 242 1234 te
263 1170 365 1245 saliit,
404 1174 490 1254 quod
519 1179 603 1236 tanto
632 1190 729 1257 opere
758 1171 834 1236 utile
868 1172 925 1247 sit,
961 1180 1077 1257 quanto
1111 1170 1219 1236 labore
1249 1171 1287 1236 sit
1309 1168 1537 1258 appetendume

212 1266 297 1348 quod
320 1265 438 1350 poteris
460 1263 663 1340 existimare,
702 1264 834 1330 utilitate
855 1265 991 1351 cognita.
1047 1265 1193 1331 Pluribus
1225 1266 1331 1331 verbis
1353 1268 1392 1330 ad
1415 1286 1484 1330 eam
1507 1275 1538 1328 te

211 1358 331 1424 hortari
353 1379 416 1423 non
439 1366 486 1422 est
507 1359 682 1437 sententia,
721 1382 760 1425 ne
789 1369 842 1426 aut
870 1369 925 1426 tuo
948 1359 1052 1426 studio
1077 1359 1171 1425 diffisi
1193 1368 1247 1424 aut
1278 1359 1404 1436 minus',
1443 1380 1538 1445 quam

211 1473 262 1517 res
293 1456 449 1535 postulat,
480 1452 596 1520 dixisse
625 1455 799 1520 videamur.
853 1460 900 1520 De
931 1459 1039 1542 quintu
1068 1463 1156 1539 parte
1185 1455 1360 1520 rhetoricae
1389 1456 1537 1536 deinceps
1549 1478 1575 1520 ro

212 1545 372 1611 dicemus:
397 1556 432 1612 tu
452 1550 570 1632 primas
593 1569 733 1636 quasque
754 1557 860 1633 partes
875 1551 908 1615 in
923 1553 1029 1616 animo
1045 1552 1210 1636 frequenta
1226 1558 1276 1626 et,
1300 1552 1386 1634 quod
1401 1551 1538 1614 maxime

211 1663 340 1708 necesse
363 1651 432 1722 est,
455 1646 681 1710 exercitatione
703 1643 864 1710 confirma.

768 1902 996 1916 ...υ-1.*-

687 2205 1068 2278 RHETORICORUM

849 2349 899 2406 nn

558 2477 611 2568 Ο.
652 2481 699 2568 H
720 2479 953 2568 uRuN
973 2479 1022 2566 N
1041 2479 1193 2570 lUlll

670 2657 823 2720 urhun
850 2655 1083 2739 orsurus·

772 2853 979 2866 ffl—

213 3027 237 3093 1.
261 3031 291 3092 1.
329 3005 497 3113 Quoniam
519 3030 552 3097 iu
574 3031 636 3094 hoc
658 3029 757 3108 libro,
782 3031 940 3107 Herenni,
965 3033 1005 3096 de
1028 3028 1207 3094 elocutione
1229 3027 1474 3113 conscripsimus
1496 3037 1539 3106 et,

214 3125 328 3208 quibus
358 3125 392 3186 in
412 3125 509 3186 rehus
531 3143 612 3206 opus
633 3125 692 3189 fuit
714 3129 869 3210 exemplis
890 3129 954 3202 uti,
992 3127 1108 3189 nostris
1131 3126 1287 3208 exemplis
1309 3127 1358 3189 usi
1380 3148 1488 3191 sumus
1509 3136 1549 3216 et¹

213 3220 246 3282 id
266 3219 397 3282 fecimus
418 3226 544 3301 praeter
566 3220 826 3285 consuetudinem
849 3221 1061 3296 Graecorum,
1097 3221 1152 3305 qui
1183 3223 1222 3284 de
1252 3222 1312 3284 hac
1342 3243 1376 3286 re
1405 3225 1577 3306 scripse-¹⁵

213 3323 303 3387 runt,
327 3314 505 3377 necessario
528 3314 706 3378 faciendum
729 3322 792 3392 est,
818 3324 853 3379 ut
873 3317 981 3398 paucis
996 3317 1150 3379 rationem
1165 3317 1266 3378 nostri
1282 3316 1404 3381 consilii
1420 3321 1539 3383 demus.

213 3411 314 3491 Atque
336 3406 396 3472 hoc
418 3428 476 3470 nos
498 3410 728 3474 necessitudine
750 3409 875 3484 lacere,
899 3431 963 3472 non
986 3411 1110 3485 studio,
1142 3410 1217 3473 satis
1240 3411 1300 3474 erit
1320 3410 1422 3495 signi,
1454 3414 1539 3496 quod

212 3500 245 3565 in
267 3501 482 3584 superioribus
515 3503 606 3567 libris
638 3501 716 3567 nihil
744 3511 954 3588 nequeunte
982 3521 1050 3565 rem
1080 3522 1183 3586 neque
1205 3512 1332 3586 praeter
1352 3525 1420 3569 rem
1442 3504 1540 3570 locuti

213 3618 331 3661 sumus.
376 3599 483 3673 Nunc,
520 3599 546 3662 si
568 3619 686 3681 pauca,
722 3619 801 3684 quac
822 3618 874 3661 res
895 3598 1049 3679 postulat,
1080 3597 1272 3673 dixerimus,
1301 3599 1358 3662 tibi
1381 3600 1430 3675 id,
1453 3601 1539 3684 quod

212 3693 369 3777 reliquum
386 3699 433 3756 est
447 3691 539 3766 artis,
555 3692 617 3769 itu,
634 3702 669 3756 ut
683 3692 893 3766 instituimus,
910 3693 1138 3774 persolvemus.
1185 3693 1246 3757 Sed
1261 3693 1384 3759 facilius
1398 3703 1577 3758 nostramet

213 3786 367 3851 rationem
389 3786 559 3870 intelliges,
583 3789 610 3850 si
631 3789 738 3871 prius,
763 3789 838 3868 quid
861 3787 905 3850 illi
927 3786 1051 3864 dicant,
1075 3790 1275 3871 cognoveris.

297 3883 519 3964 Compluribus
542 3885 580 3946 de
604 3881 705 3946 causis
727 3888 838 3964 putant
859 3889 1026 3964 oportere,
1050 3901 1121 3945 cum
1143 3881 1202 3966 ipsi
1217 3884 1450 3968 praeceperint,
1474 3904 1537 3969 quo

213 3985 305 4062 pacto
329 3987 474 4061 oporteat
495 3998 609 4043 ornare
633 3977 868 4053 elocutionem,
903 3977 994 4041 unius
1024 3979 1175 4061 cuiusque
1205 3979 1328 4060 generis
1350 3981 1390 4042 nb
1413 3988 1540 4043 oratore

214 4082 268 4137 out
287 4080 381 4156 potita
404 4075 534 4158 probato
558 4082 717 4157 sumptum
739 4093 860 4156 ponere
883 4070 1075 4154 exemplum.
1121 4075 1160 4134 Et
1189 4071 1324 4155 primum
1354 4093 1387 4138 se
1417 4072 1448 4137 id
1471 4092 1539 4136 mo-

215 4168 313 4233 destia
335 4176 510 4233 commotos
531 4169 636 4233 saccre
658 4168 786 4243 dicunt,
821 4177 988 4251 propterea
1009 4169 1095 4252 quod
1116 4165 1260 4230 videatur
1281 4189 1349 4232 esse
1372 4165 1537 4232 ostentatio
1546 4184 1575 4228 as

215 4265 368 4350 quaedum
390 4283 452 4326 uon
475 4261 549 4327 satis
571 4265 689 4327 habere
712 4259 893 4347 praecipere
916 4263 955 4324 de
977 4259 1126 4332 artificio,
1151 4263 1313 4326 sedetiam
1337 4265 1423 4345 ipsos
1439 4260 1539 4326 videri

214 4357 294 4422 uelle
316 4354 482 4422 artificiose
495 4357 632 4452 gignere
654 4357 818 4439 exempla:
849 4358 911 4420 hoc
934 4364 996 4432 est,
1021 4353 1183 4442 inquiunt,
1218 4365 1375 4421 ostentare
1397 4376 1449 4431 se,
1473 4377 1539 4419 non

215 4455 380 4518 ostendere
402 4463 511 4516 artem.
554 4455 585 4516 2.
611 4454 716 4529 Quare
731 4454 835 4533 pudor
849 4449 1003 4540 imprimis
1017 4461 1065 4514 est
1080 4454 1119 4515 ad
1134 4471 1203 4514 eam
1218 4472 1284 4515 rem
1298 4451 1536 4534 impedimento,

214 4570 254 4612 ne
278 4569 335 4612 nos
357 4549 442 4612 solos
464 4549 616 4630 probare,
651 4567 709 4610 nos
731 4565 855 4621 amoro,
890 4544 969 4609 alios
991 4554 1192 4610 contemnere
1215 4552 1246 4610 et
1268 4547 1412 4610 deridere
1434 4545 1539 4609 videa-

215 4661 296 4707 mur.
341 4644 465 4707 Etenim
488 4661 557 4707 cum
578 4639 796 4725 possimus-ah
819 4639 920 4704 Ennio
943 4649 1099 4727 sumptum
1122 4650 1176 4706 aut
1201 4663 1220 4707 a
1243 4643 1385 4706 Graccho
1417 4659 1537 4727 ponere
1547 4658 1575 4701 so

284 4845 310 4894 2.
332 4847 449 4896 conuenit
466 4845 570 4904 rtur,
598 4846 734 4896 conveniat
752 4843 784 4894 R.
812 4866 843 4879 -·
870 4843 1075 4894 d.ttemP1·'Tt
1102 4846 1144 4895 tto
1162 4843 1262 4895 huus.
1284 4865 1319 4882 ·-
1348 4841 1374 4894 8.
1394 4843 1464 4909 quod
1482 4855 1535 4893 om.

215 4913 259 4964 AF
278 4925 304 4967 et
323 4929 361 4978 pr.
378 4916 406 4966 P.
429 4941 457 4954 -·
491 4915 535 4965 tu.
556 4915 671 4966 Herenni
696 4913 844 4970 PrturuT.
873 4919 903 4964 ut
924 4916 1049 4964 Lth.ll.=
1072 4913 1098 4963 C.
1120 4916 1234 4967 Heruunr'
1261 4915 1288 4966 B.
1309 4938 1344 4950 -
1373 4916 1536 4964 renoscere
1565 4944 1580 4966 n

216 4985 339 5048 reemplir
357 5000 415 5037 cum
435 4988 518 5038 codd.
534 4989 619 5038 adhue
639 4991 707 5038 nour
726 4991 803 5038 ettam
824 4984 970 5035 esurus:
989 4987 1087 5036 uostris
1104 4985 1125 5036 E
1144 4994 1212 5037 cont.
1235 5009 1265 5023 -
1285 4987 1329 5036 20.
1349 4987 1390 5035 ets·
1409 4987 1444 5042 u.
1463 4985 1539 5034 t.-

215 5056 259 5107 22.
279 5060 418 5119 disputant
436 5059 479 5109 AF
500 5065 527 5110 et
545 5058 610 5108 Cod.
625 5059 722 5109 Medic.
743 5057 816 5120 proh.
839 5055 960 5106 Gruerro.
982 5078 1012 5092 -
1031 5056 1074 5106 26.
1097 5060 1173 5107 etiem
1192 5060 1263 5120 ipsos
1277 5057 1357 5120 reu,
1379 5061 1404 5106 et
1419 5058 1449 5106 r'rr
1464 5053 1541 5118 tpror'

215 5129 254 5187 Α,
274 5135 298 5179 et
315 5131 386 5191 ipsos
404 5129 438 5193 F,
457 5131 627 5194 sparsorium
645 5129 681 5191 u,
700 5131 770 5192 ipsos
789 5139 841 5180 om·
856 5129 935 5178 etium
953 5128 985 5178 T.
1009 5151 1035 5164 -
1058 5127 1101 5178 27.
1123 5130 1209 5193 inquit
1226 5129 1256 5179 Ε.

273 5237 344 5278 cicere
358 5235 381 5282 Τ,
396 5236 410 5278 l.
1148 5235 1170 5298 4
