<?xml version="1.0" encoding="UTF-8"?>
<!DOCTYPE html PUBLIC "-//W3C//DTD XHTML 1.0 Transitional//EN"
    "http://www.w3.org/TR/xhtml1/DTD/xhtml1-transitional.dtd">
<html xmlns="http://www.w3.org/1999/xhtml" xml:lang="en" lang="en">
 <head>
  <title>
</title>
<meta http-equiv="Content-Type" content="text/html;charset=utf-8" />
  <meta name='ocr-system' content='tesseract 3.04.00' />
  <meta name='ocr-capabilities' content='ocr_page ocr_carea ocr_par ocr_line ocrx_word'/>
</head>
<body>
  <div class='ocr_page' id='page_1' title='image "./mtulliiciceroni05baitgoog_0114.png"; bbox 0 0 3714 5844; ppageno 0'>
   <div class='ocr_carea' id='block_1_1' title="bbox 687 429 1570 500">
    <p class='ocr_par' dir='ltr' id='par_1_1' title="bbox 687 429 1570 500">
     <span class='ocr_line' id='line_1_1' title="bbox 687 429 1570 500; baseline 0.002 -2"><span class='ocrx_word' id='word_1_1' title='bbox 687 431 764 498; x_wconf 86' lang='lat' dir='ltr'><strong>LIB.</strong></span> <span class='ocrx_word' id='word_1_2' title='bbox 788 432 814 498; x_wconf 82' lang='lat'>1.</span> <span class='ocrx_word' id='word_1_3' title='bbox 861 431 896 499; x_wconf 86' lang='lat' dir='ltr'>C.</span> <span class='ocrx_word' id='word_1_4' title='bbox 921 433 974 498; x_wconf 77' lang='lat'>24.</span> <span class='ocrx_word' id='word_1_5' title='bbox 998 433 1050 498; x_wconf 80' lang='lat'>25.</span> <span class='ocrx_word' id='word_1_6' title='bbox 1074 433 1127 497; x_wconf 77' lang='lat'>26.</span> <span class='ocrx_word' id='word_1_7' title='bbox 1511 429 1570 500; x_wconf 81' lang='lat' dir='ltr'>luc</span> 
     </span>
    </p>
   </div>
   <div class='ocr_carea' id='block_1_2' title="bbox 241 592 1569 684">
    <p class='ocr_par' dir='ltr' id='par_1_2' title="bbox 241 592 1569 684">
     <span class='ocr_line' id='line_1_2' title="bbox 241 592 1569 684; baseline -0.005 -17"><span class='ocrx_word' id='word_1_8' title='bbox 241 599 283 667; x_wconf 90' lang='lat' dir='ltr'>sit</span> <span class='ocrx_word' id='word_1_9' title='bbox 304 619 344 664; x_wconf 89' lang='lat' dir='ltr'>an</span> <span class='ocrx_word' id='word_1_10' title='bbox 366 592 464 675; x_wconf 82' lang='lat' dir='ltr'>liber3</span> <span class='ocrx_word' id='word_1_11' title='bbox 493 593 685 684; x_wconf 80' lang='lat' dir='ltr'><strong>pecuniosus</strong></span> <span class='ocrx_word' id='word_1_12' title='bbox 705 615 746 658; x_wconf 87' lang='lat' dir='ltr'>an</span> <span class='ocrx_word' id='word_1_13' title='bbox 768 595 890 667; x_wconf 77' lang='lat' dir='ltr'>tenuris,</span> <span class='ocrx_word' id='word_1_14' title='bbox 920 595 1061 679; x_wconf 83' lang='lat' dir='ltr'>privatus</span> <span class='ocrx_word' id='word_1_15' title='bbox 1084 611 1124 658; x_wconf 84' lang='lat' dir='ltr'>un</span> <span class='ocrx_word' id='word_1_16' title='bbox 1147 613 1218 660; x_wconf 88' lang='lat' dir='ltr'>cnm</span> <span class='ocrx_word' id='word_1_17' title='bbox 1239 597 1413 682; x_wconf 73' lang='lat' dir='ltr'>potestate:</span> <span class='ocrx_word' id='word_1_18' title='bbox 1448 593 1475 658; x_wconf 91' lang='lat' dir='ltr'>si</span> <span class='ocrx_word' id='word_1_19' title='bbox 1497 613 1569 660; x_wconf 89' lang='lat' dir='ltr'>cum</span> 
     </span>
    </p>
   </div>
   <div class='ocr_carea' id='block_1_3' title="bbox 239 686 1668 1538">
    <p class='ocr_par' dir='ltr' id='par_1_3' title="bbox 240 686 1569 781">
     <span class='ocr_line' id='line_1_3' title="bbox 240 686 1569 781; baseline -0.005 -19"><span class='ocrx_word' id='word_1_20' title='bbox 240 703 413 781; x_wconf 79' lang='lat' dir='ltr'>potestate,</span> <span class='ocrx_word' id='word_1_21' title='bbox 436 693 504 757; x_wconf 93' lang='lat' dir='ltr'>iure</span> <span class='ocrx_word' id='word_1_22' title='bbox 528 710 567 754; x_wconf 86' lang='lat' dir='ltr'>sn</span> <span class='ocrx_word' id='word_1_23' title='bbox 588 689 724 766; x_wconf 85' lang='lat' dir='ltr'>iniuria;</span> <span class='ocrx_word' id='word_1_24' title='bbox 747 689 840 765; x_wconf 81' lang='lat' dir='ltr'>felix,</span> <span class='ocrx_word' id='word_1_25' title='bbox 863 689 966 752; x_wconf 85' lang='lat' dir='ltr'>clarus</span> <span class='ocrx_word' id='word_1_26' title='bbox 980 709 1020 753; x_wconf 85' lang='lat' dir='ltr'>an</span> <span class='ocrx_word' id='word_1_27' title='bbox 1035 695 1162 768; x_wconf 79' lang='lat' dir='ltr'>contra3</span> <span class='ocrx_word' id='word_1_28' title='bbox 1186 688 1295 774; x_wconf 87' lang='lat' dir='ltr'>quales</span> <span class='ocrx_word' id='word_1_29' title='bbox 1309 687 1430 756; x_wconf 89' lang='lat' dir='ltr'>liberos</span> <span class='ocrx_word' id='word_1_30' title='bbox 1445 686 1569 756; x_wconf 79' lang='lat' dir='ltr'>babeat.</span> 
     </span>
    </p>

    <p class='ocr_par' dir='ltr' id='par_1_4' title="bbox 239 782 1668 1538">
     <span class='ocr_line' id='line_1_4' title="bbox 240 782 1569 869; baseline -0.005 -13"><span class='ocrx_word' id='word_1_31' title='bbox 240 795 287 856; x_wconf 80' lang='lat' dir='ltr'>Ac</span> <span class='ocrx_word' id='word_1_32' title='bbox 309 791 335 854; x_wconf 90' lang='lat' dir='ltr'>si</span> <span class='ocrx_word' id='word_1_33' title='bbox 359 792 399 854; x_wconf 93' lang='lat' dir='ltr'>de</span> <span class='ocrx_word' id='word_1_34' title='bbox 419 805 485 852; x_wconf 89' lang='lat' dir='ltr'>non</span> <span class='ocrx_word' id='word_1_35' title='bbox 505 786 579 850; x_wconf 86' lang='lat' dir='ltr'>vivo</span> <span class='ocrx_word' id='word_1_36' title='bbox 601 791 786 869; x_wconf 83' lang='lat' dir='ltr'>quaeretur,</span> <span class='ocrx_word' id='word_1_37' title='bbox 822 785 915 848; x_wconf 86' lang='lat' dir='ltr'>eliam</span> <span class='ocrx_word' id='word_1_38' title='bbox 938 782 1023 869; x_wconf 88' lang='lat' dir='ltr'>quali</span> <span class='ocrx_word' id='word_1_39' title='bbox 1045 793 1145 849; x_wconf 89' lang='lat' dir='ltr'>morte</span> <span class='ocrx_word' id='word_1_40' title='bbox 1167 783 1207 848; x_wconf 92' lang='lat' dir='ltr'>sit</span> <span class='ocrx_word' id='word_1_41' title='bbox 1229 782 1375 860; x_wconf 82' lang='lat' dir='ltr'>effectus,</span> <span class='ocrx_word' id='word_1_42' title='bbox 1411 785 1472 849; x_wconf 93' lang='lat' dir='ltr'>erit</span> <span class='ocrx_word' id='word_1_43' title='bbox 1493 805 1569 850; x_wconf 89' lang='lat' dir='ltr'>con-</span> 
     </span>
     <span class='ocr_line' id='line_1_5' title="bbox 240 879 1569 966; baseline -0.005 -15"><span class='ocrx_word' id='word_1_44' title='bbox 240 885 455 951; x_wconf 85' lang='lat' dir='ltr'>siderandum.</span> <span class='ocrx_word' id='word_1_45' title='bbox 500 883 552 946; x_wconf 85' lang='grc'><strong>30.</strong></span> <span class='ocrx_word' id='word_1_46' title='bbox 584 881 734 944; x_wconf 82' lang='lat' dir='ltr'>Habitum</span> <span class='ocrx_word' id='word_1_47' title='bbox 766 886 872 944; x_wconf 88' lang='lat' dir='ltr'>autem</span> <span class='ocrx_word' id='word_1_48' title='bbox 901 880 1095 964; x_wconf 78' lang='lat' dir='ltr'>appellamus</span> <span class='ocrx_word' id='word_1_49' title='bbox 1124 879 1220 943; x_wconf 90' lang='lat' dir='ltr'>animi</span> <span class='ocrx_word' id='word_1_50' title='bbox 1248 887 1301 942; x_wconf 87' lang='lat' dir='ltr'>aut</span> <span class='ocrx_word' id='word_1_51' title='bbox 1328 880 1470 966; x_wconf 87' lang='lat' dir='ltr'>corporis</span> <span class='ocrx_word' id='word_1_52' title='bbox 1493 898 1569 944; x_wconf 90' lang='lat' dir='ltr'>oon-</span> 
     </span>
     <span class='ocr_line' id='line_1_6' title="bbox 241 971 1591 1060; baseline -0.007 -16"><span class='ocrx_word' id='word_1_53' title='bbox 241 987 374 1045; x_wconf 81' lang='lat' dir='ltr'>stantem</span> <span class='ocrx_word' id='word_1_54' title='bbox 409 985 440 1042; x_wconf 91' lang='lat' dir='ltr'>et</span> <span class='ocrx_word' id='word_1_55' title='bbox 471 973 647 1041; x_wconf 87' lang='lat' dir='ltr'>absolutam</span> <span class='ocrx_word' id='word_1_56' title='bbox 676 973 781 1060; x_wconf 89' lang='lat' dir='ltr'>aliqua</span> <span class='ocrx_word' id='word_1_57' title='bbox 808 976 840 1039; x_wconf 91' lang='lat' dir='ltr'>in</span> <span class='ocrx_word' id='word_1_58' title='bbox 873 995 908 1038; x_wconf 91' lang='lat' dir='ltr'>re</span> <span class='ocrx_word' id='word_1_59' title='bbox 940 971 1179 1057; x_wconf 68' lang='lat' dir='ltr'>perfectionem</span> <span class='ocrx_word' id='word_1_60' title='bbox 1217 981 1252 1037; x_wconf 92' lang='lat' dir='ltr'>ut</span> <span class='ocrx_word' id='word_1_61' title='bbox 1272 973 1394 1039; x_wconf 84' lang='lat' dir='ltr'>virtutis</span> <span class='ocrx_word' id='word_1_62' title='bbox 1418 983 1471 1038; x_wconf 91' lang='lat' dir='ltr'>aut</span> <span class='ocrx_word' id='word_1_63' title='bbox 1493 975 1591 1038; x_wconf 83' lang='lat' dir='ltr'>artiss</span> 
     </span>
     <span class='ocr_line' id='line_1_7' title="bbox 240 1066 1568 1157; baseline -0.007 -16"><span class='ocrx_word' id='word_1_64' title='bbox 240 1073 373 1141; x_wconf 83' lang='lat' dir='ltr'>alicuius</span> <span class='ocrx_word' id='word_1_65' title='bbox 393 1070 630 1156; x_wconf 85' lang='lat' dir='ltr'>perceptionem</span> <span class='ocrx_word' id='word_1_66' title='bbox 651 1078 706 1133; x_wconf 88' lang='lat' dir='ltr'>aut</span> <span class='ocrx_word' id='word_1_67' title='bbox 734 1071 876 1157; x_wconf 86' lang='lat' dir='ltr'>quamvis</span> <span class='ocrx_word' id='word_1_68' title='bbox 906 1070 1068 1134; x_wconf 86' lang='lat' dir='ltr'>scientiam</span> <span class='ocrx_word' id='word_1_69' title='bbox 1101 1076 1133 1133; x_wconf 90' lang='lat' dir='ltr'>et</span> <span class='ocrx_word' id='word_1_70' title='bbox 1163 1066 1238 1132; x_wconf 90' lang='lat' dir='ltr'>item</span> <span class='ocrx_word' id='word_1_71' title='bbox 1267 1070 1409 1155; x_wconf 89' lang='lat' dir='ltr'>corporis</span> <span class='ocrx_word' id='word_1_72' title='bbox 1431 1068 1568 1156; x_wconf 80' lang='lat' dir='ltr'>aliquam</span> 
     </span>
     <span class='ocr_line' id='line_1_8' title="bbox 241 1161 1569 1250; baseline -0.005 -15"><span class='ocrx_word' id='word_1_73' title='bbox 241 1168 494 1235; x_wconf 87' lang='lat' dir='ltr'>commoditatem</span> <span class='ocrx_word' id='word_1_74' title='bbox 521 1185 587 1229; x_wconf 86' lang='lat' dir='ltr'>non</span> <span class='ocrx_word' id='word_1_75' title='bbox 609 1173 721 1230; x_wconf 87' lang='lat' dir='ltr'>natura</span> <span class='ocrx_word' id='word_1_76' title='bbox 750 1169 873 1240; x_wconf 89' lang='lat' dir='ltr'>datam,</span> <span class='ocrx_word' id='word_1_77' title='bbox 906 1166 961 1228; x_wconf 90' lang='lat' dir='ltr'>sed</span> <span class='ocrx_word' id='word_1_78' title='bbox 984 1164 1089 1228; x_wconf 86' lang='lat' dir='ltr'>studio</span> <span class='ocrx_word' id='word_1_79' title='bbox 1111 1171 1142 1229; x_wconf 89' lang='lat' dir='ltr'>et</span> <span class='ocrx_word' id='word_1_80' title='bbox 1163 1162 1316 1228; x_wconf 87' lang='lat' dir='ltr'>industria</span> <span class='ocrx_word' id='word_1_81' title='bbox 1336 1172 1470 1250; x_wconf 87' lang='lat' dir='ltr'>partam.</span> <span class='ocrx_word' id='word_1_82' title='bbox 1516 1161 1569 1228; x_wconf 80' lang='lat' dir='ltr'>lf-</span> 
     </span>
     <span class='ocr_line' id='line_1_9' title="bbox 239 1257 1668 1343; baseline -0.006 -14"><span class='ocrx_word' id='word_1_83' title='bbox 239 1265 336 1329; x_wconf 83' lang='lat' dir='ltr'>feotio</span> <span class='ocrx_word' id='word_1_84' title='bbox 365 1269 413 1325; x_wconf 91' lang='lat' dir='ltr'>est</span> <span class='ocrx_word' id='word_1_85' title='bbox 440 1261 536 1325; x_wconf 86' lang='lat' dir='ltr'>animi</span> <span class='ocrx_word' id='word_1_86' title='bbox 568 1266 622 1324; x_wconf 87' lang='lat' dir='ltr'>aut</span> <span class='ocrx_word' id='word_1_87' title='bbox 642 1262 785 1343; x_wconf 88' lang='lat' dir='ltr'>corporis</span> <span class='ocrx_word' id='word_1_88' title='bbox 807 1281 847 1324; x_wconf 86' lang='lat' dir='ltr'>ex</span> <span class='ocrx_word' id='word_1_89' title='bbox 868 1266 1012 1342; x_wconf 88' lang='lat' dir='ltr'>tempore</span> <span class='ocrx_word' id='word_1_90' title='bbox 1035 1257 1139 1343; x_wconf 88' lang='lat' dir='ltr'>aliqua</span> <span class='ocrx_word' id='word_1_91' title='bbox 1162 1261 1201 1324; x_wconf 92' lang='lat' dir='ltr'>de</span> <span class='ocrx_word' id='word_1_92' title='bbox 1224 1279 1319 1323; x_wconf 89' lang='lat' dir='ltr'>causa</span> <span class='ocrx_word' id='word_1_93' title='bbox 1351 1260 1566 1334; x_wconf 79' lang='lat' dir='ltr'>commutatio,</span> <span class='ocrx_word' id='word_1_94' title='bbox 1661 1297 1668 1320; x_wconf 85' lang='grc'><strong>.</strong></span> 
     </span>
     <span class='ocr_line' id='line_1_10' title="bbox 239 1351 1567 1442; baseline -0.004 -18"><span class='ocrx_word' id='word_1_95' title='bbox 239 1357 435 1438; x_wconf 69' lang='lat' dir='ltr'>ntlaetitia,</span> <span class='ocrx_word' id='word_1_96' title='bbox 471 1355 641 1441; x_wconf 87' lang='lat' dir='ltr'>cupiditas,</span> <span class='ocrx_word' id='word_1_97' title='bbox 666 1362 790 1431; x_wconf 86' lang='lat' dir='ltr'>metus,</span> <span class='ocrx_word' id='word_1_98' title='bbox 815 1354 980 1427; x_wconf 89' lang='lat' dir='ltr'>molestia,</span> <span class='ocrx_word' id='word_1_99' title='bbox 1005 1355 1154 1428; x_wconf 87' lang='lat' dir='ltr'>morbus,</span> <span class='ocrx_word' id='word_1_100' title='bbox 1179 1351 1322 1417; x_wconf 86' lang='lat' dir='ltr'>debilitas</span> <span class='ocrx_word' id='word_1_101' title='bbox 1338 1363 1370 1418; x_wconf 89' lang='lat' dir='ltr'>et</span> <span class='ocrx_word' id='word_1_102' title='bbox 1383 1357 1462 1430; x_wconf 86' lang='lat' dir='ltr'>alia,</span> <span class='ocrx_word' id='word_1_103' title='bbox 1486 1374 1567 1442; x_wconf 86' lang='lat' dir='ltr'>quae</span> 
     </span>
     <span class='ocr_line' id='line_1_11' title="bbox 241 1437 1604 1538; baseline -0.001 -21"><span class='ocrx_word' id='word_1_104' title='bbox 241 1437 356 1538; x_wconf 76' lang='lat' dir='ltr'>genere</span> <span class='ocrx_word' id='word_1_105' title='bbox 388 1452 421 1514; x_wconf 90' lang='lat' dir='ltr'>in</span> <span class='ocrx_word' id='word_1_106' title='bbox 454 1452 567 1516; x_wconf 88' lang='lat' dir='ltr'>eodem</span> <span class='ocrx_word' id='word_1_107' title='bbox 599 1451 810 1534; x_wconf 88' lang='lat' dir='ltr'>reperiuntur.</span> <span class='ocrx_word' id='word_1_108' title='bbox 870 1449 1014 1512; x_wconf 91' lang='lat' dir='ltr'>Studium</span> <span class='ocrx_word' id='word_1_109' title='bbox 1047 1453 1095 1510; x_wconf 90' lang='lat' dir='ltr'>est</span> <span class='ocrx_word' id='word_1_110' title='bbox 1122 1455 1228 1512; x_wconf 88' lang='lat' dir='ltr'>autem</span> <span class='ocrx_word' id='word_1_111' title='bbox 1257 1449 1352 1512; x_wconf 88' lang='lat' dir='ltr'>animi</span> <span class='ocrx_word' id='word_1_112' title='bbox 1384 1451 1508 1515; x_wconf 86' lang='lat' dir='ltr'>assidua</span> <span class='ocrx_word' id='word_1_113' title='bbox 1536 1456 1604 1514; x_wconf 79' lang='lat' dir='ltr'>eta</span> 
     </span>
    </p>
   </div>
   <div class='ocr_carea' id='block_1_4' title="bbox 1736 1313 1765 1385">
    <p class='ocr_par' dir='ltr' id='par_1_5' title="bbox 1736 1313 1765 1385">
     <span class='ocr_line' id='line_1_12' title="bbox 1736 1313 1765 1385; baseline 0 -29"><span class='ocrx_word' id='word_1_114' title='bbox 1736 1313 1765 1385; x_wconf 43' lang='grc' dir='ltr'>,Ι</span> 
     </span>
    </p>
   </div>
   <div class='ocr_carea' id='block_1_5' title="bbox 122 1544 1783 4088">
    <p class='ocr_par' dir='ltr' id='par_1_6' title="bbox 238 1544 1568 1819">
     <span class='ocr_line' id='line_1_13' title="bbox 239 1544 1567 1630; baseline -0.003 -17"><span class='ocrx_word' id='word_1_115' title='bbox 239 1551 409 1613; x_wconf 80' lang='lat' dir='ltr'>vehemens</span> <span class='ocrx_word' id='word_1_116' title='bbox 430 1547 470 1609; x_wconf 90' lang='lat' dir='ltr'>ad</span> <span class='ocrx_word' id='word_1_117' title='bbox 491 1544 626 1630; x_wconf 86' lang='lat' dir='ltr'>aliquam</span> <span class='ocrx_word' id='word_1_118' title='bbox 649 1564 718 1609; x_wconf 90' lang='lat' dir='ltr'>rem</span> <span class='ocrx_word' id='word_1_119' title='bbox 740 1546 894 1630; x_wconf 84' lang='lat' dir='ltr'>applicata</span> <span class='ocrx_word' id='word_1_120' title='bbox 916 1563 1030 1625; x_wconf 88' lang='lat' dir='ltr'>magna</span> <span class='ocrx_word' id='word_1_121' title='bbox 1051 1562 1122 1607; x_wconf 90' lang='lat' dir='ltr'>cum</span> <span class='ocrx_word' id='word_1_122' title='bbox 1145 1545 1304 1608; x_wconf 86' lang='lat' dir='ltr'>voluntate</span> <span class='ocrx_word' id='word_1_123' title='bbox 1328 1547 1508 1629; x_wconf 90' lang='lat' dir='ltr'>occupatio,</span> <span class='ocrx_word' id='word_1_124' title='bbox 1531 1551 1567 1610; x_wconf 89' lang='lat' dir='ltr'>ut</span> 
     </span>
     <span class='ocr_line' id='line_1_14' title="bbox 239 1636 1567 1727; baseline -0.004 -19"><span class='ocrx_word' id='word_1_125' title='bbox 239 1639 482 1727; x_wconf 87' lang='lat' dir='ltr'>philosophiae,</span> <span class='ocrx_word' id='word_1_126' title='bbox 517 1640 678 1725; x_wconf 72' lang='lat' dir='ltr'>poeticae,</span> <span class='ocrx_word' id='word_1_127' title='bbox 712 1641 922 1724; x_wconf 80' lang='lat' dir='ltr'>geometriae,</span> <span class='ocrx_word' id='word_1_128' title='bbox 947 1639 1133 1702; x_wconf 88' lang='lat' dir='ltr'>litterarum.</span> <span class='ocrx_word' id='word_1_129' title='bbox 1180 1638 1355 1702; x_wconf 90' lang='lat' dir='ltr'>Consilium</span> <span class='ocrx_word' id='word_1_130' title='bbox 1378 1645 1426 1703; x_wconf 89' lang='lat' dir='ltr'>est</span> <span class='ocrx_word' id='word_1_131' title='bbox 1446 1636 1567 1725; x_wconf 88' lang='lat' dir='ltr'>aliquid</span> 
     </span>
     <span class='ocr_line' id='line_1_15' title="bbox 238 1732 1568 1819; baseline -0.004 -17"><span class='ocrx_word' id='word_1_132' title='bbox 238 1735 375 1803; x_wconf 85' lang='lat' dir='ltr'>faciendi</span> <span class='ocrx_word' id='word_1_133' title='bbox 405 1753 469 1798; x_wconf 91' lang='lat' dir='ltr'>non</span> <span class='ocrx_word' id='word_1_134' title='bbox 500 1732 676 1798; x_wconf 84' lang='lat' dir='ltr'>faciendive</span> <span class='ocrx_word' id='word_1_135' title='bbox 698 1736 874 1819; x_wconf 86' lang='lat' dir='ltr'>excogitata</span> <span class='ocrx_word' id='word_1_136' title='bbox 896 1734 988 1797; x_wconf 88' lang='lat' dir='ltr'>ratio.</span> <span class='ocrx_word' id='word_1_137' title='bbox 1033 1734 1126 1795; x_wconf 87' lang='lat' dir='ltr'>Facta</span> <span class='ocrx_word' id='word_1_138' title='bbox 1149 1739 1254 1796; x_wconf 86' lang='lat' dir='ltr'>autem</span> <span class='ocrx_word' id='word_1_139' title='bbox 1277 1740 1309 1795; x_wconf 92' lang='lat' dir='ltr'>et</span> <span class='ocrx_word' id='word_1_140' title='bbox 1330 1753 1420 1796; x_wconf 89' lang='lat' dir='ltr'>casus</span> <span class='ocrx_word' id='word_1_141' title='bbox 1443 1739 1475 1797; x_wconf 91' lang='lat' dir='ltr'>et</span> <span class='ocrx_word' id='word_1_142' title='bbox 1496 1753 1568 1797; x_wconf 89' lang='lat' dir='ltr'>ora·</span> 
     </span>
    </p>

    <p class='ocr_par' dir='ltr' id='par_1_7' title="bbox 122 1825 1717 2104">
     <span class='ocr_line' id='line_1_16' title="bbox 122 1825 1567 1912; baseline -0.005 -15"><span class='ocrx_word' id='word_1_143' title='bbox 122 1902 127 1910; x_wconf 66' lang='grc'><strong>,</strong></span> <span class='ocrx_word' id='word_1_144' title='bbox 239 1832 342 1897; x_wconf 87' lang='lat' dir='ltr'>tiones</span> <span class='ocrx_word' id='word_1_145' title='bbox 364 1826 465 1892; x_wconf 87' lang='lat' dir='ltr'>tribus</span> <span class='ocrx_word' id='word_1_146' title='bbox 487 1848 527 1892; x_wconf 82' lang='lat' dir='ltr'>ex</span> <span class='ocrx_word' id='word_1_147' title='bbox 551 1830 747 1911; x_wconf 88' lang='lat' dir='ltr'>temporibus</span> <span class='ocrx_word' id='word_1_148' title='bbox 770 1830 1069 1892; x_wconf 87' lang='lat' dir='ltr'>considerabuntur:</span> <span class='ocrx_word' id='word_1_149' title='bbox 1100 1827 1175 1911; x_wconf 91' lang='lat' dir='ltr'>quid</span> <span class='ocrx_word' id='word_1_150' title='bbox 1196 1827 1307 1890; x_wconf 81' lang='lat' dir='ltr'>lecerit</span> <span class='ocrx_word' id='word_1_151' title='bbox 1334 1834 1389 1890; x_wconf 89' lang='lat' dir='ltr'>aut</span> <span class='ocrx_word' id='word_1_152' title='bbox 1409 1829 1485 1912; x_wconf 90' lang='lat' dir='ltr'>quid</span> <span class='ocrx_word' id='word_1_153' title='bbox 1507 1825 1567 1912; x_wconf 90' lang='lat' dir='ltr'>ipsi</span> 
     </span>
     <span class='ocr_line' id='line_1_17' title="bbox 239 1908 1717 2010; baseline -0.009 -20"><span class='ocrx_word' id='word_1_154' title='bbox 239 1925 387 1990; x_wconf 89' lang='lat' dir='ltr'>acciderit</span> <span class='ocrx_word' id='word_1_155' title='bbox 408 1929 462 1986; x_wconf 87' lang='lat' dir='ltr'>aut</span> <span class='ocrx_word' id='word_1_156' title='bbox 484 1922 559 2008; x_wconf 89' lang='lat' dir='ltr'>quid</span> <span class='ocrx_word' id='word_1_157' title='bbox 582 1923 715 1999; x_wconf 80' lang='lat' dir='ltr'>dixerit3</span> <span class='ocrx_word' id='word_1_158' title='bbox 740 1930 795 1988; x_wconf 85' lang='lat' dir='ltr'>aut</span> <span class='ocrx_word' id='word_1_159' title='bbox 816 1923 890 2010; x_wconf 87' lang='lat' dir='ltr'>quid</span> <span class='ocrx_word' id='word_1_160' title='bbox 905 1913 1017 1997; x_wconf 67' lang='lat' dir='ltr'>faciat,</span> <span class='ocrx_word' id='word_1_161' title='bbox 1041 1921 1117 2007; x_wconf 92' lang='lat' dir='ltr'>quid</span> <span class='ocrx_word' id='word_1_162' title='bbox 1132 1922 1193 2006; x_wconf 90' lang='lat' dir='ltr'>ipsi</span> <span class='ocrx_word' id='word_1_163' title='bbox 1208 1920 1347 1997; x_wconf 90' lang='lat' dir='ltr'>accidat,</span> <span class='ocrx_word' id='word_1_164' title='bbox 1371 1923 1448 2006; x_wconf 94' lang='lat' dir='ltr'>quid</span> <span class='ocrx_word' id='word_1_165' title='bbox 1463 1922 1604 1999; x_wconf 81' lang='lat' dir='ltr'>dicat31s</span> <span class='ocrx_word' id='word_1_166' title='bbox 1688 1908 1717 1930; x_wconf 66' lang='grc'><em>“</em></span> 
     </span>
     <span class='ocr_line' id='line_1_18' title="bbox 238 2016 1564 2104; baseline -0.002 -20"><span class='ocrx_word' id='word_1_167' title='bbox 238 2027 293 2085; x_wconf 91' lang='lat' dir='ltr'>aut</span> <span class='ocrx_word' id='word_1_168' title='bbox 313 2020 388 2104; x_wconf 92' lang='lat' dir='ltr'>quid</span> <span class='ocrx_word' id='word_1_169' title='bbox 412 2016 548 2081; x_wconf 80' lang='lat' dir='ltr'>facturus</span> <span class='ocrx_word' id='word_1_170' title='bbox 571 2018 625 2090; x_wconf 90' lang='lat' dir='ltr'>sit,</span> <span class='ocrx_word' id='word_1_171' title='bbox 663 2019 738 2102; x_wconf 89' lang='lat' dir='ltr'>quid</span> <span class='ocrx_word' id='word_1_172' title='bbox 771 2017 831 2103; x_wconf 90' lang='lat' dir='ltr'>ipsi</span> <span class='ocrx_word' id='word_1_173' title='bbox 865 2035 1010 2082; x_wconf 90' lang='lat' dir='ltr'>casurum</span> <span class='ocrx_word' id='word_1_174' title='bbox 1033 2017 1095 2090; x_wconf 86' lang='lat' dir='ltr'>sit,</span> <span class='ocrx_word' id='word_1_175' title='bbox 1132 2035 1195 2100; x_wconf 85' lang='lat' dir='ltr'>qna</span> <span class='ocrx_word' id='word_1_176' title='bbox 1217 2016 1258 2079; x_wconf 88' lang='lat' dir='ltr'>sit</span> <span class='ocrx_word' id='word_1_177' title='bbox 1279 2035 1394 2080; x_wconf 90' lang='lat' dir='ltr'>usurus</span> <span class='ocrx_word' id='word_1_178' title='bbox 1409 2017 1564 2082; x_wconf 90' lang='lat' dir='ltr'>oratione.</span> 
     </span>
    </p>

    <p class='ocr_par' dir='ltr' id='par_1_8' title="bbox 237 2109 1135 2200">
     <span class='ocr_line' id='line_1_19' title="bbox 237 2109 1135 2200; baseline -0.004 -22"><span class='ocrx_word' id='word_1_179' title='bbox 237 2117 283 2178; x_wconf 83' lang='lat' dir='ltr'>Ac</span> <span class='ocrx_word' id='word_1_180' title='bbox 302 2114 447 2200; x_wconf 90' lang='lat' dir='ltr'>personis</span> <span class='ocrx_word' id='word_1_181' title='bbox 469 2109 596 2198; x_wconf 91' lang='lat' dir='ltr'>quidem</span> <span class='ocrx_word' id='word_1_182' title='bbox 620 2109 696 2176; x_wconf 89' lang='lat' dir='ltr'>baec</span> <span class='ocrx_word' id='word_1_183' title='bbox 718 2114 863 2178; x_wconf 89' lang='lat' dir='ltr'>videntur</span> <span class='ocrx_word' id='word_1_184' title='bbox 885 2133 954 2177; x_wconf 86' lang='lat' dir='ltr'>esse</span> <span class='ocrx_word' id='word_1_185' title='bbox 975 2112 1135 2176; x_wconf 82' lang='lat' dir='ltr'>attributa.</span> 
     </span>
    </p>

    <p class='ocr_par' dir='ltr' id='par_1_9' title="bbox 235 2206 1604 3145">
     <span class='ocr_line' id='line_1_20' title="bbox 321 2206 1568 2292; baseline -0.001 -21"><span class='ocrx_word' id='word_1_186' title='bbox 321 2209 436 2272; x_wconf 83' lang='lat' dir='ltr'>XXVI.</span> <span class='ocrx_word' id='word_1_187' title='bbox 469 2209 520 2270; x_wconf 86' lang='grc'><strong>37.</strong></span> <span class='ocrx_word' id='word_1_188' title='bbox 552 2208 692 2289; x_wconf 82' lang='lat' dir='ltr'>Negotiis</span> <span class='ocrx_word' id='word_1_189' title='bbox 714 2215 818 2272; x_wconf 87' lang='lat' dir='ltr'>autem</span> <span class='ocrx_word' id='word_1_190' title='bbox 841 2227 921 2292; x_wconf 87' lang='lat' dir='ltr'>quae</span> <span class='ocrx_word' id='word_1_191' title='bbox 944 2213 1015 2271; x_wconf 88' lang='lat' dir='ltr'>sunt</span> <span class='ocrx_word' id='word_1_192' title='bbox 1036 2207 1206 2278; x_wconf 86' lang='lat' dir='ltr'>attributa,</span> <span class='ocrx_word' id='word_1_193' title='bbox 1240 2206 1352 2291; x_wconf 85' lang='lat' dir='ltr'>partim</span> <span class='ocrx_word' id='word_1_194' title='bbox 1375 2213 1447 2271; x_wconf 89' lang='lat' dir='ltr'>sunt</span> <span class='ocrx_word' id='word_1_195' title='bbox 1468 2206 1568 2270; x_wconf 91' lang='lat' dir='ltr'>conti·</span> 
     </span>
     <span class='ocr_line' id='line_1_21' title="bbox 237 2289 1564 2384; baseline -0.002 -17"><span class='ocrx_word' id='word_1_196' title='bbox 237 2303 344 2368; x_wconf 84' lang='lat' dir='ltr'>nentia</span> <span class='ocrx_word' id='word_1_197' title='bbox 376 2319 446 2364; x_wconf 88' lang='lat' dir='ltr'>cum</span> <span class='ocrx_word' id='word_1_198' title='bbox 479 2301 549 2384; x_wconf 88' lang='lat' dir='ltr'>ipso</span> <span class='ocrx_word' id='word_1_199' title='bbox 581 2302 731 2384; x_wconf 87' lang='lat' dir='ltr'>negotio,</span> <span class='ocrx_word' id='word_1_200' title='bbox 766 2289 881 2384; x_wconf 81' lang='lat' dir='ltr'>partim</span> <span class='ocrx_word' id='word_1_201' title='bbox 912 2301 945 2364; x_wconf 92' lang='lat' dir='ltr'>in</span> <span class='ocrx_word' id='word_1_202' title='bbox 980 2299 1121 2384; x_wconf 80' lang='lat' dir='ltr'>gestione</span> <span class='ocrx_word' id='word_1_203' title='bbox 1156 2301 1274 2384; x_wconf 87' lang='lat' dir='ltr'>negotii</span> <span class='ocrx_word' id='word_1_204' title='bbox 1308 2303 1564 2375; x_wconf 88' lang='lat' dir='ltr'>considerantur,</span> 
     </span>
     <span class='ocr_line' id='line_1_22' title="bbox 238 2396 1604 2484; baseline -0.003 -22"><span class='ocrx_word' id='word_1_205' title='bbox 238 2399 351 2484; x_wconf 87' lang='lat' dir='ltr'>partim</span> <span class='ocrx_word' id='word_1_206' title='bbox 380 2397 525 2459; x_wconf 87' lang='lat' dir='ltr'>adiuncta</span> <span class='ocrx_word' id='word_1_207' title='bbox 553 2397 681 2478; x_wconf 90' lang='lat' dir='ltr'>negotio</span> <span class='ocrx_word' id='word_1_208' title='bbox 709 2405 796 2470; x_wconf 89' lang='lat' dir='ltr'>sunt,</span> <span class='ocrx_word' id='word_1_209' title='bbox 832 2399 947 2482; x_wconf 89' lang='lat' dir='ltr'>partim</span> <span class='ocrx_word' id='word_1_210' title='bbox 977 2402 1097 2480; x_wconf 89' lang='lat' dir='ltr'>gestum</span> <span class='ocrx_word' id='word_1_211' title='bbox 1126 2396 1288 2480; x_wconf 79' lang='lat' dir='ltr'>negotium</span> <span class='ocrx_word' id='word_1_212' title='bbox 1317 2405 1562 2480; x_wconf 86' lang='lat' dir='ltr'>consequuntur.</span> <span class='ocrx_word' id='word_1_213' title='bbox 1574 2408 1604 2451; x_wconf 77' lang='lat'>²⁰</span> 
     </span>
     <span class='ocr_line' id='line_1_23' title="bbox 239 2489 1565 2575; baseline -0.002 -18"><span class='ocrx_word' id='word_1_214' title='bbox 239 2490 438 2556; x_wconf 85' lang='lat' dir='ltr'>Continentia</span> <span class='ocrx_word' id='word_1_215' title='bbox 460 2507 530 2552; x_wconf 93' lang='lat' dir='ltr'>cum</span> <span class='ocrx_word' id='word_1_216' title='bbox 553 2490 624 2571; x_wconf 91' lang='lat' dir='ltr'>ipso</span> <span class='ocrx_word' id='word_1_217' title='bbox 645 2489 774 2573; x_wconf 90' lang='lat' dir='ltr'>negotio</span> <span class='ocrx_word' id='word_1_218' title='bbox 796 2498 868 2555; x_wconf 91' lang='lat' dir='ltr'>sunt</span> <span class='ocrx_word' id='word_1_219' title='bbox 889 2512 945 2565; x_wconf 87' lang='lat' dir='ltr'>ea,</span> <span class='ocrx_word' id='word_1_220' title='bbox 969 2511 1049 2575; x_wconf 86' lang='lat' dir='ltr'>quae</span> <span class='ocrx_word' id='word_1_221' title='bbox 1072 2510 1197 2573; x_wconf 86' lang='lat' dir='ltr'>semper</span> <span class='ocrx_word' id='word_1_222' title='bbox 1218 2490 1312 2555; x_wconf 86' lang='lat' dir='ltr'>affixa</span> <span class='ocrx_word' id='word_1_223' title='bbox 1334 2513 1403 2556; x_wconf 91' lang='lat' dir='ltr'>esse</span> <span class='ocrx_word' id='word_1_224' title='bbox 1419 2493 1565 2556; x_wconf 86' lang='lat' dir='ltr'>videntur</span> 
     </span>
     <span class='ocr_line' id='line_1_24' title="bbox 237 2582 1566 2670; baseline -0.002 -20"><span class='ocrx_word' id='word_1_225' title='bbox 237 2588 366 2650; x_wconf 88' lang='lat' dir='ltr'>adrem</span> <span class='ocrx_word' id='word_1_226' title='bbox 388 2604 493 2668; x_wconf 88' lang='lat' dir='ltr'>neque</span> <span class='ocrx_word' id='word_1_227' title='bbox 516 2584 556 2646; x_wconf 91' lang='lat' dir='ltr'>ab</span> <span class='ocrx_word' id='word_1_228' title='bbox 580 2603 617 2647; x_wconf 90' lang='lat' dir='ltr'>ea</span> <span class='ocrx_word' id='word_1_229' title='bbox 639 2592 771 2668; x_wconf 90' lang='lat' dir='ltr'>possunt</span> <span class='ocrx_word' id='word_1_230' title='bbox 793 2586 944 2668; x_wconf 87' lang='lat' dir='ltr'>separari.</span> <span class='ocrx_word' id='word_1_231' title='bbox 989 2587 1037 2649; x_wconf 82' lang='lat' dir='ltr'>Ex</span> <span class='ocrx_word' id='word_1_232' title='bbox 1068 2586 1117 2648; x_wconf 89' lang='lat' dir='ltr'>bis</span> <span class='ocrx_word' id='word_1_233' title='bbox 1146 2583 1248 2670; x_wconf 88' lang='lat' dir='ltr'>prima</span> <span class='ocrx_word' id='word_1_234' title='bbox 1277 2593 1324 2649; x_wconf 90' lang='lat' dir='ltr'>est</span> <span class='ocrx_word' id='word_1_235' title='bbox 1352 2582 1456 2650; x_wconf 84' lang='lat' dir='ltr'>brevis</span> <span class='ocrx_word' id='word_1_236' title='bbox 1479 2603 1566 2650; x_wconf 89' lang='lat' dir='ltr'>com·</span> 
     </span>
     <span class='ocr_line' id='line_1_25' title="bbox 236 2677 1564 2766; baseline -0.001 -23"><span class='ocrx_word' id='word_1_237' title='bbox 236 2681 345 2766; x_wconf 82' lang='lat' dir='ltr'>plexio</span> <span class='ocrx_word' id='word_1_238' title='bbox 367 2679 461 2743; x_wconf 88' lang='lat' dir='ltr'>totius</span> <span class='ocrx_word' id='word_1_239' title='bbox 483 2679 623 2761; x_wconf 85' lang='lat' dir='ltr'>negotii,</span> <span class='ocrx_word' id='word_1_240' title='bbox 648 2699 728 2763; x_wconf 90' lang='lat' dir='ltr'>quae</span> <span class='ocrx_word' id='word_1_241' title='bbox 750 2699 902 2744; x_wconf 89' lang='lat' dir='ltr'>summam</span> <span class='ocrx_word' id='word_1_242' title='bbox 925 2682 1063 2744; x_wconf 89' lang='lat' dir='ltr'>continet</span> <span class='ocrx_word' id='word_1_243' title='bbox 1084 2679 1175 2754; x_wconf 84' lang='lat' dir='ltr'>iacti,</span> <span class='ocrx_word' id='word_1_244' title='bbox 1200 2683 1261 2744; x_wconf 90' lang='lat' dir='ltr'>boc</span> <span class='ocrx_word' id='word_1_245' title='bbox 1283 2677 1396 2745; x_wconf 90' lang='lat' dir='ltr'>modo:</span> <span class='ocrx_word' id='word_1_246' title='bbox 1422 2678 1564 2744; x_wconf 85' lang='lat' dir='ltr'>Parentis</span> 
     </span>
     <span class='ocr_line' id='line_1_26' title="bbox 237 2771 1565 2860; baseline -0.002 -20"><span class='ocrx_word' id='word_1_247' title='bbox 237 2773 372 2849; x_wconf 90' lang='lat' dir='ltr'>occisio,</span> <span class='ocrx_word' id='word_1_248' title='bbox 409 2774 528 2857; x_wconf 87' lang='lat' dir='ltr'>patriae</span> <span class='ocrx_word' id='word_1_249' title='bbox 550 2771 711 2858; x_wconf 81' lang='lat' dir='ltr'>proditi03</span> <span class='ocrx_word' id='word_1_250' title='bbox 749 2776 862 2838; x_wconf 87' lang='lat' dir='ltr'>deinde</span> <span class='ocrx_word' id='word_1_251' title='bbox 893 2794 985 2839; x_wconf 87' lang='lat' dir='ltr'>causa</span> <span class='ocrx_word' id='word_1_252' title='bbox 1014 2777 1083 2839; x_wconf 88' lang='lat' dir='ltr'>eius</span> <span class='ocrx_word' id='word_1_253' title='bbox 1111 2794 1270 2851; x_wconf 90' lang='lat' dir='ltr'>summae,</span> <span class='ocrx_word' id='word_1_254' title='bbox 1306 2794 1363 2859; x_wconf 90' lang='lat' dir='ltr'>per</span> <span class='ocrx_word' id='word_1_255' title='bbox 1385 2793 1497 2860; x_wconf 88' lang='lat' dir='ltr'>quam,</span> <span class='ocrx_word' id='word_1_256' title='bbox 1533 2781 1565 2838; x_wconf 92' lang='lat' dir='ltr'>et</span> 
     </span>
     <span class='ocr_line' id='line_1_27' title="bbox 237 2864 1601 2954; baseline -0.003 -22"><span class='ocrx_word' id='word_1_257' title='bbox 237 2864 442 2954; x_wconf 89' lang='lat' dir='ltr'>quamobrem</span> <span class='ocrx_word' id='word_1_258' title='bbox 465 2875 498 2932; x_wconf 90' lang='lat' dir='ltr'>et</span> <span class='ocrx_word' id='word_1_259' title='bbox 511 2869 600 2932; x_wconf 89' lang='lat' dir='ltr'>cuius</span> <span class='ocrx_word' id='word_1_260' title='bbox 622 2867 671 2932; x_wconf 90' lang='lat' dir='ltr'>rei</span> <span class='ocrx_word' id='word_1_261' title='bbox 692 2889 787 2933; x_wconf 89' lang='lat' dir='ltr'>causa</span> <span class='ocrx_word' id='word_1_262' title='bbox 806 2870 922 2934; x_wconf 83' lang='lat' dir='ltr'>lactum</span> <span class='ocrx_word' id='word_1_263' title='bbox 937 2870 995 2944; x_wconf 89' lang='lat' dir='ltr'>sit,</span> <span class='ocrx_word' id='word_1_264' title='bbox 1020 2867 1201 2954; x_wconf 90' lang='lat' dir='ltr'>quaeritur;</span> <span class='ocrx_word' id='word_1_265' title='bbox 1226 2867 1339 2934; x_wconf 89' lang='lat' dir='ltr'>deinde</span> <span class='ocrx_word' id='word_1_266' title='bbox 1355 2877 1428 2933; x_wconf 86' lang='lat' dir='ltr'>ante</span> <span class='ocrx_word' id='word_1_267' title='bbox 1444 2877 1601 2952; x_wconf 73' lang='lat' dir='ltr'>gestamss</span> 
     </span>
     <span class='ocr_line' id='line_1_28' title="bbox 236 2960 1563 3050; baseline -0.001 -21"><span class='ocrx_word' id='word_1_268' title='bbox 236 2984 303 3029; x_wconf 88' lang='lat' dir='ltr'>rem</span> <span class='ocrx_word' id='word_1_269' title='bbox 327 2984 408 3047; x_wconf 90' lang='lat' dir='ltr'>quae</span> <span class='ocrx_word' id='word_1_270' title='bbox 429 2960 510 3027; x_wconf 83' lang='lat' dir='ltr'>sacta</span> <span class='ocrx_word' id='word_1_271' title='bbox 531 2964 612 3039; x_wconf 90' lang='lat' dir='ltr'>sint,</span> <span class='ocrx_word' id='word_1_272' title='bbox 636 2963 833 3028; x_wconf 87' lang='lat' dir='ltr'>continenter</span> <span class='ocrx_word' id='word_1_273' title='bbox 854 2985 953 3050; x_wconf 89' lang='lat' dir='ltr'>usque</span> <span class='ocrx_word' id='word_1_274' title='bbox 976 2960 1137 3048; x_wconf 88' lang='lat' dir='ltr'>adipsum</span> <span class='ocrx_word' id='word_1_275' title='bbox 1161 2965 1346 3047; x_wconf 66' lang='lat' dir='ltr'>negotium</span> <span class='ocrx_word' id='word_1_276' title='bbox 1371 2964 1506 3037; x_wconf 88' lang='lat' dir='ltr'>deinde,</span> <span class='ocrx_word' id='word_1_277' title='bbox 1530 2964 1563 3029; x_wconf 90' lang='lat' dir='ltr'>in</span> 
     </span>
     <span class='ocr_line' id='line_1_29' title="bbox 235 3058 1528 3145; baseline 0 -23"><span class='ocrx_word' id='word_1_278' title='bbox 235 3061 305 3145; x_wconf 89' lang='lat' dir='ltr'>ipso</span> <span class='ocrx_word' id='word_1_279' title='bbox 329 3058 468 3142; x_wconf 87' lang='lat' dir='ltr'>gerendo</span> <span class='ocrx_word' id='word_1_280' title='bbox 490 3059 616 3140; x_wconf 89' lang='lat' dir='ltr'>negotio</span> <span class='ocrx_word' id='word_1_281' title='bbox 640 3059 716 3144; x_wconf 91' lang='lat' dir='ltr'>quid</span> <span class='ocrx_word' id='word_1_282' title='bbox 739 3066 843 3124; x_wconf 89' lang='lat' dir='ltr'>actum</span> <span class='ocrx_word' id='word_1_283' title='bbox 865 3062 926 3136; x_wconf 88' lang='lat' dir='ltr'>sit;</span> <span class='ocrx_word' id='word_1_284' title='bbox 951 3059 1087 3131; x_wconf 88' lang='lat' dir='ltr'>deinde,</span> <span class='ocrx_word' id='word_1_285' title='bbox 1109 3060 1185 3144; x_wconf 93' lang='lat' dir='ltr'>quid</span> <span class='ocrx_word' id='word_1_286' title='bbox 1207 3066 1317 3140; x_wconf 87' lang='lat' dir='ltr'>postea</span> <span class='ocrx_word' id='word_1_287' title='bbox 1340 3059 1457 3122; x_wconf 81' lang='lat' dir='ltr'>factum</span> <span class='ocrx_word' id='word_1_288' title='bbox 1479 3059 1528 3122; x_wconf 84' lang='lat' dir='ltr'>sit.</span> 
     </span>
    </p>

    <p class='ocr_par' dir='ltr' id='par_1_10' title="bbox 234 3137 1783 4088">
     <span class='ocr_line' id='line_1_30' title="bbox 320 3137 1783 3248; baseline 0 -32"><span class='ocrx_word' id='word_1_289' title='bbox 320 3153 372 3216; x_wconf 88' lang='grc'>38.</span> <span class='ocrx_word' id='word_1_290' title='bbox 396 3155 430 3217; x_wconf 92' lang='lat' dir='ltr'>ln</span> <span class='ocrx_word' id='word_1_291' title='bbox 455 3153 595 3235; x_wconf 88' lang='lat' dir='ltr'>gestione</span> <span class='ocrx_word' id='word_1_292' title='bbox 618 3161 724 3217; x_wconf 81' lang='lat' dir='ltr'>autem</span> <span class='ocrx_word' id='word_1_293' title='bbox 746 3155 883 3237; x_wconf 90' lang='lat' dir='ltr'>negotii,</span> <span class='ocrx_word' id='word_1_294' title='bbox 909 3154 962 3248; x_wconf 69' lang='lat' dir='ltr'>qpi</span> <span class='ocrx_word' id='word_1_295' title='bbox 985 3154 1073 3216; x_wconf 90' lang='lat' dir='ltr'>locus</span> <span class='ocrx_word' id='word_1_296' title='bbox 1089 3150 1245 3217; x_wconf 91' lang='lat' dir='ltr'>secundus</span> <span class='ocrx_word' id='word_1_297' title='bbox 1260 3161 1329 3218; x_wconf 87' lang='lat' dir='ltr'>erat</span> <span class='ocrx_word' id='word_1_298' title='bbox 1343 3156 1382 3217; x_wconf 89' lang='lat' dir='ltr'>de</span> <span class='ocrx_word' id='word_1_299' title='bbox 1397 3153 1457 3229; x_wconf 87' lang='lat' dir='ltr'>iis,</span> <span class='ocrx_word' id='word_1_300' title='bbox 1481 3173 1563 3238; x_wconf 87' lang='lat' dir='ltr'>quae</span> <span class='ocrx_word' id='word_1_301' title='bbox 1687 3137 1783 3248; x_wconf 48' lang='grc' dir='ltr'>κβ»</span> 
     </span>
     <span class='ocr_line' id='line_1_31' title="bbox 236 3247 1564 3337; baseline -0.001 -26"><span class='ocrx_word' id='word_1_302' title='bbox 236 3247 370 3331; x_wconf 87' lang='lat' dir='ltr'>negotiis</span> <span class='ocrx_word' id='word_1_303' title='bbox 385 3248 532 3310; x_wconf 87' lang='lat' dir='ltr'>attributa</span> <span class='ocrx_word' id='word_1_304' title='bbox 553 3253 643 3322; x_wconf 90' lang='lat' dir='ltr'>sunt,</span> <span class='ocrx_word' id='word_1_305' title='bbox 669 3248 829 3337; x_wconf 79' lang='lat' dir='ltr'>quaeritur</span> <span class='ocrx_word' id='word_1_306' title='bbox 843 3249 952 3321; x_wconf 88' lang='lat' dir='ltr'>locus,</span> <span class='ocrx_word' id='word_1_307' title='bbox 974 3255 1116 3332; x_wconf 89' lang='lat' dir='ltr'>tempus,</span> <span class='ocrx_word' id='word_1_308' title='bbox 1140 3250 1286 3323; x_wconf 89' lang='lat' dir='ltr'>occasio,</span> <span class='ocrx_word' id='word_1_309' title='bbox 1311 3250 1442 3325; x_wconf 90' lang='lat' dir='ltr'>modus,</span> <span class='ocrx_word' id='word_1_310' title='bbox 1465 3249 1564 3312; x_wconf 84' lang='lat' dir='ltr'>iacul-</span> 
     </span>
     <span class='ocr_line' id='line_1_32' title="bbox 235 3336 1737 3429; baseline 0 -23"><span class='ocrx_word' id='word_1_311' title='bbox 235 3350 325 3406; x_wconf 86' lang='lat' dir='ltr'>tates.</span> <span class='ocrx_word' id='word_1_312' title='bbox 372 3344 474 3406; x_wconf 90' lang='lat' dir='ltr'>Locus</span> <span class='ocrx_word' id='word_1_313' title='bbox 497 3340 733 3418; x_wconf 87' lang='lat' dir='ltr'>consideratur,</span> <span class='ocrx_word' id='word_1_314' title='bbox 757 3342 789 3407; x_wconf 91' lang='lat' dir='ltr'>in</span> <span class='ocrx_word' id='word_1_315' title='bbox 805 3361 869 3429; x_wconf 91' lang='lat' dir='ltr'>quo</span> <span class='ocrx_word' id='word_1_316' title='bbox 883 3361 934 3406; x_wconf 88' lang='lat' dir='ltr'>res</span> <span class='ocrx_word' id='word_1_317' title='bbox 950 3350 1036 3425; x_wconf 81' lang='lat' dir='ltr'>gesta</span> <span class='ocrx_word' id='word_1_318' title='bbox 1051 3340 1106 3416; x_wconf 91' lang='lat' dir='ltr'>sit,</span> <span class='ocrx_word' id='word_1_319' title='bbox 1130 3363 1171 3406; x_wconf 82' lang='lat' dir='ltr'>ex</span> <span class='ocrx_word' id='word_1_320' title='bbox 1187 3343 1444 3428; x_wconf 83' lang='lat' dir='ltr'>opportunitate,</span> <span class='ocrx_word' id='word_1_321' title='bbox 1469 3355 1600 3426; x_wconf 81' lang='lat' dir='ltr'>quam³⁰</span> <span class='ocrx_word' id='word_1_322' title='bbox 1690 3336 1737 3380; x_wconf 56' lang='lat'><em>⁶</em></span> 
     </span>
     <span class='ocr_line' id='line_1_33' title="bbox 235 3433 1562 3521; baseline -0.002 -20"><span class='ocrx_word' id='word_1_323' title='bbox 235 3435 379 3501; x_wconf 85' lang='lat' dir='ltr'>videatur</span> <span class='ocrx_word' id='word_1_324' title='bbox 401 3434 549 3500; x_wconf 87' lang='lat' dir='ltr'>babuisse</span> <span class='ocrx_word' id='word_1_325' title='bbox 571 3433 610 3498; x_wconf 91' lang='lat' dir='ltr'>ad</span> <span class='ocrx_word' id='word_1_326' title='bbox 632 3438 794 3520; x_wconf 90' lang='lat' dir='ltr'>negotium</span> <span class='ocrx_word' id='word_1_327' title='bbox 818 3439 1109 3500; x_wconf 89' lang='lat' dir='ltr'>administrandum.</span> <span class='ocrx_word' id='word_1_328' title='bbox 1152 3439 1196 3500; x_wconf 85' lang='lat' dir='ltr'>Ea</span> <span class='ocrx_word' id='word_1_329' title='bbox 1218 3445 1321 3500; x_wconf 86' lang='lat' dir='ltr'>autem</span> <span class='ocrx_word' id='word_1_330' title='bbox 1346 3439 1562 3521; x_wconf 76' lang='lat' dir='ltr'>opportunitas</span> 
     </span>
     <span class='ocr_line' id='line_1_34' title="bbox 235 3529 1563 3618; baseline 0 -24"><span class='ocrx_word' id='word_1_331' title='bbox 235 3533 396 3617; x_wconf 88' lang='lat' dir='ltr'>quaeritur</span> <span class='ocrx_word' id='word_1_332' title='bbox 417 3552 457 3595; x_wconf 86' lang='lat' dir='ltr'>ex</span> <span class='ocrx_word' id='word_1_333' title='bbox 478 3529 708 3614; x_wconf 89' lang='lat' dir='ltr'>magnitudine,</span> <span class='ocrx_word' id='word_1_334' title='bbox 732 3529 914 3606; x_wconf 88' lang='lat' dir='ltr'>intervallo,</span> <span class='ocrx_word' id='word_1_335' title='bbox 939 3533 1187 3616; x_wconf 91' lang='lat' dir='ltr'>longinquitate,</span> <span class='ocrx_word' id='word_1_336' title='bbox 1211 3533 1458 3618; x_wconf 87' lang='lat' dir='ltr'>propinquitate,</span> <span class='ocrx_word' id='word_1_337' title='bbox 1489 3530 1563 3595; x_wconf 88' lang='lat' dir='ltr'>soli·</span> 
     </span>
     <span class='ocr_line' id='line_1_35' title="bbox 235 3625 1562 3711; baseline 0.001 -24"><span class='ocrx_word' id='word_1_338' title='bbox 235 3627 360 3700; x_wconf 87' lang='lat' dir='ltr'>tudine,</span> <span class='ocrx_word' id='word_1_339' title='bbox 397 3625 594 3699; x_wconf 85' lang='lat' dir='ltr'>celebritate,</span> <span class='ocrx_word' id='word_1_340' title='bbox 627 3633 739 3688; x_wconf 86' lang='lat' dir='ltr'>nature</span> <span class='ocrx_word' id='word_1_341' title='bbox 763 3626 861 3707; x_wconf 90' lang='lat' dir='ltr'>ipsius</span> <span class='ocrx_word' id='word_1_342' title='bbox 885 3627 947 3690; x_wconf 88' lang='lat' dir='ltr'>loci</span> <span class='ocrx_word' id='word_1_343' title='bbox 969 3634 1000 3690; x_wconf 89' lang='lat' dir='ltr'>et</span> <span class='ocrx_word' id='word_1_344' title='bbox 1021 3625 1180 3692; x_wconf 87' lang='lat' dir='ltr'>vicinitate</span> <span class='ocrx_word' id='word_1_345' title='bbox 1203 3626 1298 3691; x_wconf 89' lang='lat' dir='ltr'>totius</span> <span class='ocrx_word' id='word_1_346' title='bbox 1326 3625 1486 3711; x_wconf 88' lang='lat' dir='ltr'>regionis;</span> <span class='ocrx_word' id='word_1_347' title='bbox 1522 3645 1562 3688; x_wconf 83' lang='lat' dir='ltr'>ex</span> 
     </span>
     <span class='ocr_line' id='line_1_36' title="bbox 234 3705 1563 3806; baseline 0.001 -25"><span class='ocrx_word' id='word_1_348' title='bbox 234 3721 282 3784; x_wconf 89' lang='lat' dir='ltr'>bis</span> <span class='ocrx_word' id='word_1_349' title='bbox 305 3721 397 3785; x_wconf 84' lang='lat' dir='ltr'>eliam</span> <span class='ocrx_word' id='word_1_350' title='bbox 420 3705 689 3784; x_wconf 81' lang='lat' dir='ltr'>attributionibus:</span> <span class='ocrx_word' id='word_1_351' title='bbox 713 3739 802 3783; x_wconf 87' lang='lat' dir='ltr'>sacer</span> <span class='ocrx_word' id='word_1_352' title='bbox 824 3740 863 3783; x_wconf 90' lang='lat' dir='ltr'>an</span> <span class='ocrx_word' id='word_1_353' title='bbox 886 3721 1054 3805; x_wconf 84' lang='lat' dir='ltr'>profanus,</span> <span class='ocrx_word' id='word_1_354' title='bbox 1078 3720 1224 3806; x_wconf 90' lang='lat' dir='ltr'>publicus</span> <span class='ocrx_word' id='word_1_355' title='bbox 1246 3740 1285 3784; x_wconf 81' lang='lat' dir='ltr'>en</span> <span class='ocrx_word' id='word_1_356' title='bbox 1301 3722 1463 3803; x_wconf 83' lang='lat' dir='ltr'>privatus,</span> <span class='ocrx_word' id='word_1_357' title='bbox 1487 3718 1563 3784; x_wconf 86' lang='lat' dir='ltr'>alie-</span> 
     </span>
     <span class='ocr_line' id='line_1_37' title="bbox 234 3812 1598 3899; baseline 0.001 -23"><span class='ocrx_word' id='word_1_358' title='bbox 234 3834 293 3877; x_wconf 90' lang='lat' dir='ltr'>nus</span> <span class='ocrx_word' id='word_1_359' title='bbox 324 3834 363 3878; x_wconf 87' lang='lat' dir='ltr'>an</span> <span class='ocrx_word' id='word_1_360' title='bbox 391 3813 505 3898; x_wconf 89' lang='lat' dir='ltr'>ipsius,</span> <span class='ocrx_word' id='word_1_361' title='bbox 541 3817 580 3878; x_wconf 89' lang='lat' dir='ltr'>de</span> <span class='ocrx_word' id='word_1_362' title='bbox 608 3834 672 3899; x_wconf 92' lang='lat' dir='ltr'>quo</span> <span class='ocrx_word' id='word_1_363' title='bbox 701 3812 826 3898; x_wconf 87' lang='lat' dir='ltr'>agitur,</span> <span class='ocrx_word' id='word_1_364' title='bbox 861 3813 949 3880; x_wconf 91' lang='lat' dir='ltr'>locus</span> <span class='ocrx_word' id='word_1_365' title='bbox 977 3817 1017 3879; x_wconf 89' lang='lat' dir='ltr'>sit</span> <span class='ocrx_word' id='word_1_366' title='bbox 1046 3824 1100 3879; x_wconf 90' lang='lat' dir='ltr'>aut</span> <span class='ocrx_word' id='word_1_367' title='bbox 1128 3813 1234 3879; x_wconf 83' lang='lat' dir='ltr'>luerit.</span> <span class='ocrx_word' id='word_1_368' title='bbox 1279 3818 1330 3880; x_wconf 85' lang='grc'><strong>30.</strong></span> <span class='ocrx_word' id='word_1_369' title='bbox 1353 3819 1490 3898; x_wconf 90' lang='lat' dir='ltr'>Tempus</span> <span class='ocrx_word' id='word_1_370' title='bbox 1514 3820 1598 3879; x_wconf 77' lang='lat' dir='ltr'>est³⁵</span> 
     </span>
     <span class='ocr_line' id='line_1_38' title="bbox 234 3907 1560 3995; baseline 0.002 -25"><span class='ocrx_word' id='word_1_371' title='bbox 234 3907 412 3982; x_wconf 90' lang='lat' dir='ltr'>autemid,</span> <span class='ocrx_word' id='word_1_372' title='bbox 446 3927 510 3992; x_wconf 91' lang='lat' dir='ltr'>quo</span> <span class='ocrx_word' id='word_1_373' title='bbox 533 3928 617 3972; x_wconf 89' lang='lat' dir='ltr'>nunc</span> <span class='ocrx_word' id='word_1_374' title='bbox 644 3907 779 3984; x_wconf 90' lang='lat' dir='ltr'>utimur,</span> <span class='ocrx_word' id='word_1_375' title='bbox 816 3907 897 3991; x_wconf 87' lang='lat' dir='ltr'>(nam</span> <span class='ocrx_word' id='word_1_376' title='bbox 929 3909 1031 3994; x_wconf 87' lang='lat' dir='ltr'>ipsum</span> <span class='ocrx_word' id='word_1_377' title='bbox 1065 3912 1192 3995; x_wconf 91' lang='lat' dir='ltr'>quidem</span> <span class='ocrx_word' id='word_1_378' title='bbox 1215 3909 1405 3994; x_wconf 88' lang='lat' dir='ltr'>generaliter</span> <span class='ocrx_word' id='word_1_379' title='bbox 1427 3910 1560 3974; x_wconf 86' lang='lat' dir='ltr'>definire</span> 
     </span>
     <span class='ocr_line' id='line_1_39' title="bbox 235 3997 1557 4088; baseline 0.001 -24"><span class='ocrx_word' id='word_1_380' title='bbox 235 3997 361 4064; x_wconf 84' lang='lat' dir='ltr'>difficile</span> <span class='ocrx_word' id='word_1_381' title='bbox 383 4003 464 4077; x_wconf 91' lang='lat' dir='ltr'>est,)</span> <span class='ocrx_word' id='word_1_382' title='bbox 495 4021 566 4088; x_wconf 89' lang='lat' dir='ltr'>pars</span> <span class='ocrx_word' id='word_1_383' title='bbox 590 4005 744 4088; x_wconf 89' lang='lat' dir='ltr'>quaedam</span> <span class='ocrx_word' id='word_1_384' title='bbox 768 4004 982 4079; x_wconf 85' lang='lat' dir='ltr'>aeternitatis,</span> <span class='ocrx_word' id='word_1_385' title='bbox 1007 4024 1077 4068; x_wconf 90' lang='lat' dir='ltr'>cum</span> <span class='ocrx_word' id='word_1_386' title='bbox 1100 4004 1231 4070; x_wconf 90' lang='lat' dir='ltr'>alicuius</span> <span class='ocrx_word' id='word_1_387' title='bbox 1254 4007 1368 4080; x_wconf 88' lang='lat' dir='ltr'>annui,</span> <span class='ocrx_word' id='word_1_388' title='bbox 1393 4005 1557 4078; x_wconf 81' lang='lat' dir='ltr'>menstrui,</span> 
     </span>
    </p>
   </div>
   <div class='ocr_carea' id='block_1_6' title="bbox 231 4143 1587 5192">
    <p class='ocr_par' dir='ltr' id='par_1_11' title="bbox 231 4143 1587 5192">
     <span class='ocr_line' id='line_1_40' title="bbox 302 4143 1559 4209; baseline 0.006 -17"><span class='ocrx_word' id='word_1_389' title='bbox 302 4143 329 4192; x_wconf 85' lang='lat' dir='ltr'>le.</span> <span class='ocrx_word' id='word_1_390' title='bbox 351 4153 436 4196; x_wconf 69' lang='lat' dir='ltr'>auten</span> <span class='ocrx_word' id='word_1_391' title='bbox 454 4147 521 4195; x_wconf 82' lang='lat' dir='ltr'>bunc</span> <span class='ocrx_word' id='word_1_392' title='bbox 538 4146 702 4208; x_wconf 81' lang='lat' dir='ltr'>appellamus</span> <span class='ocrx_word' id='word_1_393' title='bbox 721 4146 805 4205; x_wconf 74' lang='lat' dir='ltr'>Par,</span> <span class='ocrx_word' id='word_1_394' title='bbox 825 4154 913 4196; x_wconf 85' lang='lat' dir='ltr'>autem</span> <span class='ocrx_word' id='word_1_395' title='bbox 930 4148 971 4195; x_wconf 84' lang='lat' dir='ltr'>bic</span> <span class='ocrx_word' id='word_1_396' title='bbox 990 4147 1154 4209; x_wconf 83' lang='lat' dir='ltr'>appellamus</span> <span class='ocrx_word' id='word_1_397' title='bbox 1172 4148 1203 4197; x_wconf 82' lang='lat' dir='ltr'>ll.</span> <span class='ocrx_word' id='word_1_398' title='bbox 1225 4148 1258 4197; x_wconf 84' lang='lat' dir='ltr'>Ut</span> <span class='ocrx_word' id='word_1_399' title='bbox 1277 4160 1343 4207; x_wconf 90' lang='lat' dir='ltr'>nos,</span> <span class='ocrx_word' id='word_1_400' title='bbox 1363 4147 1395 4196; x_wconf 82' lang='lat' dir='ltr'>V.</span> <span class='ocrx_word' id='word_1_401' title='bbox 1427 4171 1454 4184; x_wconf 92' lang='lat'><em>-</em></span> <span class='ocrx_word' id='word_1_402' title='bbox 1488 4147 1514 4196; x_wconf 80' lang='grc'><strong>5.</strong></span> <span class='ocrx_word' id='word_1_403' title='bbox 1535 4155 1559 4200; x_wconf 87' lang='lat' dir='ltr'>et</span> 
     </span>
     <span class='ocr_line' id='line_1_41' title="bbox 233 4214 1558 4280; baseline 0.002 -16"><span class='ocrx_word' id='word_1_404' title='bbox 233 4227 284 4264; x_wconf 86' lang='lat' dir='ltr'>usu</span> <span class='ocrx_word' id='word_1_405' title='bbox 301 4214 450 4266; x_wconf 83' lang='lat' dir='ltr'>absolutum</span> <span class='ocrx_word' id='word_1_406' title='bbox 469 4217 531 4266; x_wconf 86' lang='lat' dir='ltr'>Scb.</span> <span class='ocrx_word' id='word_1_407' title='bbox 552 4220 629 4279; x_wconf 86' lang='lat' dir='ltr'>quest</span> <span class='ocrx_word' id='word_1_408' title='bbox 649 4231 680 4268; x_wconf 84' lang='lat' dir='ltr'>er</span> <span class='ocrx_word' id='word_1_409' title='bbox 694 4217 724 4266; x_wconf 88' lang='lat' dir='ltr'>V.</span> <span class='ocrx_word' id='word_1_410' title='bbox 745 4217 797 4268; x_wconf 87' lang='lat' dir='ltr'>Sed</span> <span class='ocrx_word' id='word_1_411' title='bbox 818 4217 860 4268; x_wconf 81' lang='lat' dir='ltr'>bic</span> <span class='ocrx_word' id='word_1_412' title='bbox 878 4221 904 4266; x_wconf 85' lang='lat' dir='ltr'>ln</span> <span class='ocrx_word' id='word_1_413' title='bbox 925 4217 1046 4268; x_wconf 79' lang='lat' dir='ltr'>lemmate</span> <span class='ocrx_word' id='word_1_414' title='bbox 1061 4217 1140 4268; x_wconf 83' lang='lat' dir='ltr'>babet</span> <span class='ocrx_word' id='word_1_415' title='bbox 1154 4224 1183 4267; x_wconf 88' lang='lat' dir='ltr'>ut</span> <span class='ocrx_word' id='word_1_416' title='bbox 1196 4231 1262 4275; x_wconf 72' lang='grc' dir='ltr'>ποις</span> <span class='ocrx_word' id='word_1_417' title='bbox 1283 4221 1308 4267; x_wconf 86' lang='lat' dir='ltr'>tn</span> <span class='ocrx_word' id='word_1_418' title='bbox 1324 4221 1558 4280; x_wconf 78' lang='lat' dir='ltr'>interpretatione:</span> 
     </span>
     <span class='ocr_line' id='line_1_42' title="bbox 233 4285 1558 4353; baseline 0.005 -19"><span class='ocrx_word' id='word_1_419' title='bbox 233 4285 348 4334; x_wconf 80' lang='lat' dir='ltr'>Habitus</span> <span class='ocrx_word' id='word_1_420' title='bbox 366 4295 403 4337; x_wconf 86' lang='lat' dir='ltr'>eet</span> <span class='ocrx_word' id='word_1_421' title='bbox 420 4311 431 4323; x_wconf 95' lang='lat'>·</span> <span class='ocrx_word' id='word_1_422' title='bbox 450 4311 461 4322; x_wconf 93' lang='lat'><em>-</em></span> <span class='ocrx_word' id='word_1_423' title='bbox 478 4303 535 4337; x_wconf 84' lang='lat' dir='ltr'>usu</span> <span class='ocrx_word' id='word_1_424' title='bbox 554 4287 727 4337; x_wconf 80' lang='lat' dir='ltr'>corroborata</span> <span class='ocrx_word' id='word_1_425' title='bbox 753 4293 778 4337; x_wconf 82' lang='lat' dir='ltr'>et</span> <span class='ocrx_word' id='word_1_426' title='bbox 797 4289 877 4350; x_wconf 83' lang='lat' dir='ltr'>plenu</span> <span class='ocrx_word' id='word_1_427' title='bbox 899 4289 1036 4353; x_wconf 69' lang='lat' dir='ltr'>perfectio.</span> <span class='ocrx_word' id='word_1_428' title='bbox 1066 4315 1097 4326; x_wconf 94' lang='lat'><em>-</em></span> <span class='ocrx_word' id='word_1_429' title='bbox 1123 4285 1164 4352; x_wconf 86' lang='lat' dir='ltr'>ut]</span> <span class='ocrx_word' id='word_1_430' title='bbox 1184 4295 1232 4338; x_wconf 87' lang='lat' dir='ltr'>cut</span> <span class='ocrx_word' id='word_1_431' title='bbox 1250 4289 1327 4338; x_wconf 73' lang='lat' dir='ltr'>Pau.</span> <span class='ocrx_word' id='word_1_432' title='bbox 1360 4289 1394 4340; x_wconf 87' lang='lat' dir='ltr'>Ut</span> <span class='ocrx_word' id='word_1_433' title='bbox 1417 4303 1479 4348; x_wconf 86' lang='lat' dir='ltr'>nce,</span> <span class='ocrx_word' id='word_1_434' title='bbox 1503 4289 1558 4341; x_wconf 78' lang='lat' dir='ltr'>vn.</span> 
     </span>
     <span class='ocr_line' id='line_1_43' title="bbox 233 4353 1571 4424; baseline 0.006 -20"><span class='ocrx_word' id='word_1_435' title='bbox 233 4353 273 4416; x_wconf 86' lang='lat' dir='ltr'>(ut</span> <span class='ocrx_word' id='word_1_436' title='bbox 291 4359 417 4408; x_wconf 78' lang='lat' dir='ltr'>uirtutem</span> <span class='ocrx_word' id='word_1_437' title='bbox 437 4356 501 4408; x_wconf 91' lang='lat' dir='ltr'>Cod.</span> <span class='ocrx_word' id='word_1_438' title='bbox 522 4357 601 4409; x_wconf 85' lang='lat' dir='ltr'>llesll.</span> <span class='ocrx_word' id='word_1_439' title='bbox 624 4359 750 4408; x_wconf 87' lang='lat' dir='ltr'>Vletorlnl</span> <span class='ocrx_word' id='word_1_440' title='bbox 770 4367 796 4408; x_wconf 89' lang='lat' dir='ltr'>et</span> <span class='ocrx_word' id='word_1_441' title='bbox 814 4361 888 4414; x_wconf 82' lang='lat' dir='ltr'>seb.)</span> <span class='ocrx_word' id='word_1_442' title='bbox 917 4384 949 4396; x_wconf 92' lang='lat'>-</span> <span class='ocrx_word' id='word_1_443' title='bbox 978 4359 1004 4409; x_wconf 84' lang='grc'><strong>0.</strong></span> <span class='ocrx_word' id='word_1_444' title='bbox 1025 4359 1137 4409; x_wconf 80' lang='lat' dir='ltr'>alicuius</span> <span class='ocrx_word' id='word_1_445' title='bbox 1152 4361 1345 4424; x_wconf 80' lang='lat' dir='ltr'>perceptionem</span> <span class='ocrx_word' id='word_1_446' title='bbox 1363 4360 1471 4409; x_wconf 68' lang='lat' dir='ltr'>vend:</span> <span class='ocrx_word' id='word_1_447' title='bbox 1502 4374 1571 4423; x_wconf 61' lang='lat' dir='ltr'>per-s</span> 
     </span>
     <span class='ocr_line' id='line_1_44' title="bbox 233 4427 1561 4494; baseline 0.003 -18"><span class='ocrx_word' id='word_1_448' title='bbox 233 4429 375 4489; x_wconf 82' lang='lat' dir='ltr'>ceptionem</span> <span class='ocrx_word' id='word_1_449' title='bbox 393 4427 504 4477; x_wconf 81' lang='lat' dir='ltr'>alicuius</span> <span class='ocrx_word' id='word_1_450' title='bbox 520 4429 575 4479; x_wconf 76' lang='grc' dir='ltr'><strong>ΑΕ.</strong></span> <span class='ocrx_word' id='word_1_451' title='bbox 597 4456 628 4466; x_wconf 98' lang='grc'>-</span> <span class='ocrx_word' id='word_1_452' title='bbox 647 4429 674 4479; x_wconf 76' lang='lat'>7.</span> <span class='ocrx_word' id='word_1_453' title='bbox 695 4436 719 4478; x_wconf 84' lang='lat' dir='ltr'>et</span> <span class='ocrx_word' id='word_1_454' title='bbox 737 4429 872 4480; x_wconf 79' lang='lat' dir='ltr'>industria</span> <span class='ocrx_word' id='word_1_455' title='bbox 890 4429 1000 4479; x_wconf 70' lang='lat' dir='ltr'>Plau:</span> <span class='ocrx_word' id='word_1_456' title='bbox 1029 4430 1212 4494; x_wconf 83' lang='lat' dir='ltr'>industrieque</span> <span class='ocrx_word' id='word_1_457' title='bbox 1232 4431 1263 4479; x_wconf 82' lang='grc' dir='ltr'><strong>Ε.</strong></span> <span class='ocrx_word' id='word_1_458' title='bbox 1288 4455 1321 4465; x_wconf 93' lang='grc'>-</span> <span class='ocrx_word' id='word_1_459' title='bbox 1352 4433 1396 4480; x_wconf 98' lang='grc'><strong>10.</strong></span> <span class='ocrx_word' id='word_1_460' title='bbox 1425 4432 1454 4480; x_wconf 83' lang='lat' dir='ltr'>ic</span> <span class='ocrx_word' id='word_1_461' title='bbox 1473 4433 1561 4480; x_wconf 84' lang='lat' dir='ltr'>ecdem</span> 
     </span>
     <span class='ocr_line' id='line_1_45' title="bbox 233 4497 1560 4563; baseline 0.002 -15"><span class='ocrx_word' id='word_1_462' title='bbox 233 4510 324 4560; x_wconf 78' lang='lat' dir='ltr'>pestere</span> <span class='ocrx_word' id='word_1_463' title='bbox 341 4497 372 4546; x_wconf 84' lang='grc' dir='ltr'><strong>Ρ.</strong></span> <span class='ocrx_word' id='word_1_464' title='bbox 393 4498 455 4562; x_wconf 88' lang='lat' dir='ltr'>(non</span> <span class='ocrx_word' id='word_1_465' title='bbox 475 4497 565 4561; x_wconf 69' lang='lat' dir='ltr'>Vll.)</span> <span class='ocrx_word' id='word_1_466' title='bbox 585 4525 615 4535; x_wconf 92' lang='lat'>-</span> <span class='ocrx_word' id='word_1_467' title='bbox 635 4502 799 4563; x_wconf 82' lang='lat' dir='ltr'>reperientur</span> <span class='ocrx_word' id='word_1_468' title='bbox 817 4501 873 4549; x_wconf 69' lang='lat' dir='ltr'>ab.</span> <span class='ocrx_word' id='word_1_469' title='bbox 894 4499 957 4562; x_wconf 85' lang='lat' dir='ltr'>(non</span> <span class='ocrx_word' id='word_1_470' title='bbox 979 4499 1046 4560; x_wconf 82' lang='lat' dir='ltr'>VR.)</span> <span class='ocrx_word' id='word_1_471' title='bbox 1067 4527 1094 4536; x_wconf 95' lang='lat'>-</span> <span class='ocrx_word' id='word_1_472' title='bbox 1117 4507 1155 4551; x_wconf 90' lang='lat' dir='ltr'>eet</span> <span class='ocrx_word' id='word_1_473' title='bbox 1172 4507 1261 4552; x_wconf 86' lang='lat' dir='ltr'>autem</span> <span class='ocrx_word' id='word_1_474' title='bbox 1278 4501 1389 4551; x_wconf 72' lang='lat' dir='ltr'>Pana:</span> <span class='ocrx_word' id='word_1_475' title='bbox 1418 4508 1506 4552; x_wconf 83' lang='lat' dir='ltr'>nutem</span> <span class='ocrx_word' id='word_1_476' title='bbox 1523 4507 1560 4552; x_wconf 86' lang='lat' dir='ltr'>eet</span> 
     </span>
     <span class='ocr_line' id='line_1_46' title="bbox 232 4565 1587 4636; baseline 0.007 -20"><span class='ocrx_word' id='word_1_477' title='bbox 232 4567 270 4628; x_wconf 80' lang='lat' dir='ltr'>V,</span> <span class='ocrx_word' id='word_1_478' title='bbox 292 4569 329 4629; x_wconf 89' lang='lat' dir='ltr'>L,</span> <span class='ocrx_word' id='word_1_479' title='bbox 350 4574 387 4617; x_wconf 83' lang='lat' dir='ltr'>eet</span> <span class='ocrx_word' id='word_1_480' title='bbox 414 4565 478 4632; x_wconf 87' lang='lat' dir='ltr'>(om.</span> <span class='ocrx_word' id='word_1_481' title='bbox 497 4571 596 4629; x_wconf 71' lang='lat' dir='ltr'>suren)</span> <span class='ocrx_word' id='word_1_482' title='bbox 615 4570 647 4620; x_wconf 82' lang='lat' dir='ltr'>R.</span> <span class='ocrx_word' id='word_1_483' title='bbox 675 4595 706 4603; x_wconf 86' lang='grc'>-</span> <span class='ocrx_word' id='word_1_484' title='bbox 739 4570 782 4618; x_wconf 92' lang='grc'><strong>13.</strong></span> <span class='ocrx_word' id='word_1_485' title='bbox 811 4569 927 4632; x_wconf 74' lang='lat' dir='ltr'>[sciendi</span> <span class='ocrx_word' id='word_1_486' title='bbox 949 4584 1003 4620; x_wconf 80' lang='lat' dir='ltr'>non</span> <span class='ocrx_word' id='word_1_487' title='bbox 1025 4573 1170 4636; x_wconf 75' lang='lat' dir='ltr'>faciendive</span> <span class='ocrx_word' id='word_1_488' title='bbox 1198 4574 1346 4636; x_wconf 72' lang='lat' dir='ltr'>excogitato</span> <span class='ocrx_word' id='word_1_489' title='bbox 1367 4585 1427 4622; x_wconf 86' lang='lat' dir='ltr'>curn</span> <span class='ocrx_word' id='word_1_490' title='bbox 1448 4573 1503 4623; x_wconf 86' lang='lat' dir='ltr'>Clo.</span> <span class='ocrx_word' id='word_1_491' title='bbox 1525 4573 1558 4625; x_wconf 92' lang='lat' dir='ltr'>de</span> <span class='ocrx_word' id='word_1_492' title='bbox 1582 4601 1587 4614; x_wconf 70' lang='grc' dir='ltr'><strong><em>ι</em></strong></span> 
     </span>
     <span class='ocr_line' id='line_1_47' title="bbox 232 4638 1558 4703; baseline 0.004 -15"><span class='ocrx_word' id='word_1_493' title='bbox 232 4639 289 4690; x_wconf 82' lang='lat' dir='ltr'>lne.</span> <span class='ocrx_word' id='word_1_494' title='bbox 309 4639 335 4697; x_wconf 75' lang='grc'>0,</span> <span class='ocrx_word' id='word_1_495' title='bbox 356 4638 382 4689; x_wconf 87' lang='grc'><strong>0.</strong></span> <span class='ocrx_word' id='word_1_496' title='bbox 420 4639 534 4688; x_wconf 80' lang='lat' dir='ltr'>Alcutne</span> <span class='ocrx_word' id='word_1_497' title='bbox 559 4640 638 4690; x_wconf 80' lang='lat' dir='ltr'>libet.</span> <span class='ocrx_word' id='word_1_498' title='bbox 663 4653 689 4702; x_wconf 92' lang='lat' dir='ltr'>p.</span> <span class='ocrx_word' id='word_1_499' title='bbox 717 4639 778 4689; x_wconf 85' lang='grc'><strong>370.</strong></span> <span class='ocrx_word' id='word_1_500' title='bbox 815 4643 932 4692; x_wconf 74' lang='lat' dir='ltr'>Auctore</span> <span class='ocrx_word' id='word_1_501' title='bbox 961 4643 1082 4703; x_wconf 77' lang='lat' dir='ltr'>Excerpe.</span> <span class='ocrx_word' id='word_1_502' title='bbox 1111 4642 1143 4693; x_wconf 86' lang='lat' dir='ltr'>de</span> <span class='ocrx_word' id='word_1_503' title='bbox 1169 4643 1246 4692; x_wconf 79' lang='lat' dir='ltr'>libet.</span> <span class='ocrx_word' id='word_1_504' title='bbox 1268 4655 1293 4703; x_wconf 91' lang='lat' dir='ltr'>p.</span> <span class='ocrx_word' id='word_1_505' title='bbox 1313 4643 1375 4693; x_wconf 74' lang='grc'><strong>070.</strong></span> <span class='ocrx_word' id='word_1_506' title='bbox 1396 4643 1558 4694; x_wconf 82' lang='lat' dir='ltr'>Scbdrriue:</span> 
     </span>
     <span class='ocr_line' id='line_1_48' title="bbox 231 4707 1559 4776; baseline 0.005 -18"><span class='ocrx_word' id='word_1_507' title='bbox 231 4708 346 4771; x_wconf 76' lang='lat' dir='ltr'>{uolendi</span> <span class='ocrx_word' id='word_1_508' title='bbox 364 4717 413 4759; x_wconf 85' lang='lat' dir='ltr'>out</span> <span class='ocrx_word' id='word_1_509' title='bbox 431 4723 485 4758; x_wconf 79' lang='lat' dir='ltr'>nce</span> <span class='ocrx_word' id='word_1_510' title='bbox 503 4707 615 4770; x_wconf 72' lang='lat' dir='ltr'>sedendi</span> <span class='ocrx_word' id='word_1_511' title='bbox 632 4724 691 4761; x_wconf 83' lang='lat' dir='ltr'>aere</span> <span class='ocrx_word' id='word_1_512' title='bbox 713 4708 789 4771; x_wconf 83' lang='lat' dir='ltr'>(uero</span> <span class='ocrx_word' id='word_1_513' title='bbox 807 4709 853 4774; x_wconf 80' lang='lat' dir='ltr'>V.)</span> <span class='ocrx_word' id='word_1_514' title='bbox 881 4715 1030 4775; x_wconf 70' lang='lat' dir='ltr'>excogitato</span> <span class='ocrx_word' id='word_1_515' title='bbox 1048 4711 1134 4770; x_wconf 76' lang='grc' dir='ltr'><strong>ΛΒΤ,</strong></span> <span class='ocrx_word' id='word_1_516' title='bbox 1161 4715 1222 4762; x_wconf 83' lang='lat' dir='ltr'>item</span> <span class='ocrx_word' id='word_1_517' title='bbox 1241 4709 1262 4760; x_wconf 80' lang='lat' dir='ltr'><strong>P</strong></span> <span class='ocrx_word' id='word_1_518' title='bbox 1281 4711 1335 4776; x_wconf 82' lang='lat' dir='ltr'>(sed</span> <span class='ocrx_word' id='word_1_519' title='bbox 1356 4727 1380 4765; x_wconf 85' lang='lat' dir='ltr'>v.</span> <span class='ocrx_word' id='word_1_520' title='bbox 1401 4727 1462 4763; x_wconf 85' lang='lat' dir='ltr'>uere</span> <span class='ocrx_word' id='word_1_521' title='bbox 1480 4728 1559 4776; x_wconf 84' lang='lat' dir='ltr'>supra</span> 
     </span>
     <span class='ocr_line' id='line_1_49' title="bbox 232 4777 1558 4844; baseline 0.004 -15"><span class='ocrx_word' id='word_1_522' title='bbox 232 4777 347 4843; x_wconf 85' lang='lat' dir='ltr'>versum)</span> <span class='ocrx_word' id='word_1_523' title='bbox 384 4787 410 4830; x_wconf 89' lang='lat' dir='ltr'>et</span> <span class='ocrx_word' id='word_1_524' title='bbox 430 4779 449 4828; x_wconf 86' lang='lat' dir='ltr'>li</span> <span class='ocrx_word' id='word_1_525' title='bbox 470 4779 525 4842; x_wconf 70' lang='lat' dir='ltr'>(esd</span> <span class='ocrx_word' id='word_1_526' title='bbox 544 4785 646 4830; x_wconf 88' lang='lat' dir='ltr'>secluso</span> <span class='ocrx_word' id='word_1_527' title='bbox 665 4796 690 4832; x_wconf 83' lang='lat' dir='ltr'>r.</span> <span class='ocrx_word' id='word_1_528' title='bbox 709 4780 789 4842; x_wconf 84' lang='lat' dir='ltr'>uere).</span> <span class='ocrx_word' id='word_1_529' title='bbox 819 4805 852 4815; x_wconf 97' lang='lat'><em>-</em></span> <span class='ocrx_word' id='word_1_530' title='bbox 883 4784 925 4832; x_wconf 87' lang='grc'><strong>15.</strong></span> <span class='ocrx_word' id='word_1_531' title='bbox 947 4782 1044 4831; x_wconf 72' lang='lat' dir='ltr'>direnti</span> <span class='ocrx_word' id='word_1_532' title='bbox 1063 4787 1087 4833; x_wconf 84' lang='lat' dir='ltr'>et</span> <span class='ocrx_word' id='word_1_533' title='bbox 1105 4783 1169 4844; x_wconf 80' lang='lat' dir='ltr'>quid</span> <span class='ocrx_word' id='word_1_534' title='bbox 1187 4782 1265 4832; x_wconf 76' lang='lat' dir='ltr'>m.</span> <span class='ocrx_word' id='word_1_535' title='bbox 1286 4807 1316 4820; x_wconf 94' lang='lat'><em>-</em></span> <span class='ocrx_word' id='word_1_536' title='bbox 1342 4784 1385 4833; x_wconf 88' lang='grc'><strong>10.</strong></span> <span class='ocrx_word' id='word_1_537' title='bbox 1405 4784 1558 4844; x_wconf 77' lang='lat' dir='ltr'>rareoner,</span> 
     </span>
     <span class='ocr_line' id='line_1_50' title="bbox 231 4849 1556 4917; baseline 0.003 -17"><span class='ocrx_word' id='word_1_538' title='bbox 231 4849 324 4900; x_wconf 87' lang='lat' dir='ltr'>Lemb.</span> <span class='ocrx_word' id='word_1_539' title='bbox 349 4874 375 4886; x_wconf 91' lang='lat'>-</span> <span class='ocrx_word' id='word_1_540' title='bbox 397 4849 441 4900; x_wconf 76' lang='lat'>25.</span> <span class='ocrx_word' id='word_1_541' title='bbox 461 4857 603 4915; x_wconf 82' lang='lat' dir='ltr'>quaeretur</span> <span class='ocrx_word' id='word_1_542' title='bbox 621 4851 676 4901; x_wconf 75' lang='lat' dir='ltr'>rr.</span> <span class='ocrx_word' id='word_1_543' title='bbox 698 4877 727 4888; x_wconf 96' lang='lat'>-</span> <span class='ocrx_word' id='word_1_544' title='bbox 749 4857 848 4914; x_wconf 79' lang='lat' dir='ltr'>gestum</span> <span class='ocrx_word' id='word_1_545' title='bbox 865 4865 920 4900; x_wconf 90' lang='lat' dir='ltr'>rem</span> <span class='ocrx_word' id='word_1_546' title='bbox 938 4850 1045 4900; x_wconf 78' lang='lat' dir='ltr'>PsnT:</span> <span class='ocrx_word' id='word_1_547' title='bbox 1066 4865 1120 4902; x_wconf 84' lang='lat' dir='ltr'>rem</span> <span class='ocrx_word' id='word_1_548' title='bbox 1137 4859 1237 4917; x_wconf 75' lang='lat' dir='ltr'>gestum</span> <span class='ocrx_word' id='word_1_549' title='bbox 1257 4853 1287 4902; x_wconf 86' lang='lat' dir='ltr'>li.</span> <span class='ocrx_word' id='word_1_550' title='bbox 1308 4880 1338 4890; x_wconf 97' lang='lat'><em>-</em></span> <span class='ocrx_word' id='word_1_551' title='bbox 1364 4854 1408 4904; x_wconf 74' lang='grc'><strong>00.</strong></span> <span class='ocrx_word' id='word_1_552' title='bbox 1429 4860 1482 4905; x_wconf 84' lang='lat' dir='ltr'>sint</span> <span class='ocrx_word' id='word_1_553' title='bbox 1502 4855 1556 4914; x_wconf 66' lang='lat' dir='ltr'>ab,</span> 
     </span>
     <span class='ocr_line' id='line_1_51' title="bbox 231 4919 1559 4988; baseline 0.003 -18"><span class='ocrx_word' id='word_1_554' title='bbox 231 4919 269 4970; x_wconf 86' lang='lat' dir='ltr'>L:</span> <span class='ocrx_word' id='word_1_555' title='bbox 289 4925 352 4969; x_wconf 85' lang='lat' dir='ltr'>eunt</span> <span class='ocrx_word' id='word_1_556' title='bbox 369 4920 449 4970; x_wconf 82' lang='lat' dir='ltr'>Pllli.</span> <span class='ocrx_word' id='word_1_557' title='bbox 471 4946 501 4959; x_wconf 94' lang='lat'><em>-</em></span> <span class='ocrx_word' id='word_1_558' title='bbox 521 4923 565 4972; x_wconf 74' lang='grc'><strong>20.</strong></span> <span class='ocrx_word' id='word_1_559' title='bbox 586 4931 728 4984; x_wconf 85' lang='lat' dir='ltr'>quaeretur</span> <span class='ocrx_word' id='word_1_560' title='bbox 746 4922 822 4971; x_wconf 78' lang='grc' dir='ltr'><strong>ΡΑΤ.</strong></span> <span class='ocrx_word' id='word_1_561' title='bbox 844 4945 873 4956; x_wconf 88' lang='grc'>-</span> <span class='ocrx_word' id='word_1_562' title='bbox 895 4923 939 4972; x_wconf 83' lang='grc'><strong>35.</strong></span> <span class='ocrx_word' id='word_1_563' title='bbox 960 4929 1061 4984; x_wconf 84' lang='lat' dir='ltr'>ternpus</span> <span class='ocrx_word' id='word_1_564' title='bbox 1078 4929 1117 4972; x_wconf 89' lang='lat' dir='ltr'>eet</span> <span class='ocrx_word' id='word_1_565' title='bbox 1136 4931 1220 4975; x_wconf 71' lang='lat' dir='ltr'>curun</span> <span class='ocrx_word' id='word_1_566' title='bbox 1241 4923 1374 4975; x_wconf 74' lang='lat' dir='ltr'>VPART:</span> <span class='ocrx_word' id='word_1_567' title='bbox 1403 4930 1504 4988; x_wconf 86' lang='lat' dir='ltr'>tempus</span> <span class='ocrx_word' id='word_1_568' title='bbox 1522 4929 1559 4976; x_wconf 82' lang='lat' dir='ltr'>eet</span> 
     </span>
     <span class='ocr_line' id='line_1_52' title="bbox 232 4991 1556 5058; baseline -0.002 -14"><span class='ocrx_word' id='word_1_569' title='bbox 232 4999 294 5044; x_wconf 85' lang='lat' dir='ltr'>lom.</span> <span class='ocrx_word' id='word_1_570' title='bbox 314 4993 412 5054; x_wconf 71' lang='lat' dir='ltr'>auten)</span> <span class='ocrx_word' id='word_1_571' title='bbox 431 4993 463 5042; x_wconf 82' lang='lat' dir='ltr'>E.</span> <span class='ocrx_word' id='word_1_572' title='bbox 484 5017 514 5030; x_wconf 93' lang='lat'>-</span> <span class='ocrx_word' id='word_1_573' title='bbox 544 4991 588 5042; x_wconf 81' lang='lat'>³7.</span> <span class='ocrx_word' id='word_1_574' title='bbox 608 4995 738 5044; x_wconf 74' lang='lat' dir='ltr'>namurci</span> <span class='ocrx_word' id='word_1_575' title='bbox 757 4993 796 5054; x_wconf 87' lang='lat' dir='ltr'>li,</span> <span class='ocrx_word' id='word_1_576' title='bbox 818 4991 918 5042; x_wconf 74' lang='lat' dir='ltr'>Osonrn</span> <span class='ocrx_word' id='word_1_577' title='bbox 939 4991 992 5040; x_wconf 91' lang='lat' dir='ltr'>duo</span> <span class='ocrx_word' id='word_1_578' title='bbox 1012 4999 1038 5041; x_wconf 87' lang='lat' dir='ltr'>et</span> <span class='ocrx_word' id='word_1_579' title='bbox 1056 5005 1122 5043; x_wconf 86' lang='lat' dir='ltr'>corr.</span> <span class='ocrx_word' id='word_1_580' title='bbox 1144 4993 1182 5052; x_wconf 76' lang='lat' dir='ltr'>P:</span> <span class='ocrx_word' id='word_1_581' title='bbox 1204 5001 1265 5045; x_wconf 82' lang='lat' dir='ltr'>item</span> <span class='ocrx_word' id='word_1_582' title='bbox 1285 4993 1412 5046; x_wconf 84' lang='lat' dir='ltr'>Prisclen.</span> <span class='ocrx_word' id='word_1_583' title='bbox 1433 4999 1465 5048; x_wconf 85' lang='grc' dir='ltr'><strong>Τ.</strong></span> <span class='ocrx_word' id='word_1_584' title='bbox 1487 4999 1508 5044; x_wconf 88' lang='grc' dir='ltr'><strong>Ι.</strong></span> <span class='ocrx_word' id='word_1_585' title='bbox 1529 5009 1556 5058; x_wconf 90' lang='lat' dir='ltr'>p.</span> 
     </span>
     <span class='ocr_line' id='line_1_53' title="bbox 231 5061 1557 5183; baseline 0.002 -70"><span class='ocrx_word' id='word_1_586' title='bbox 231 5063 307 5183; x_wconf 63' lang='grc' dir='ltr'>100.Ῑ</span> <span class='ocrx_word' id='word_1_587' title='bbox 318 5063 409 5114; x_wconf 78' lang='lat' dir='ltr'>Krebl.</span> <span class='ocrx_word' id='word_1_588' title='bbox 435 5065 589 5128; x_wconf 74' lang='lat' dir='ltr'>recepitque</span> <span class='ocrx_word' id='word_1_589' title='bbox 612 5063 675 5115; x_wconf 86' lang='lat' dir='ltr'>Scir.</span> <span class='ocrx_word' id='word_1_590' title='bbox 707 5063 762 5128; x_wconf 86' lang='lat' dir='ltr'>(Uet</span> <span class='ocrx_word' id='word_1_591' title='bbox 789 5070 852 5114; x_wconf 88' lang='lat' dir='ltr'>sunt</span> <span class='ocrx_word' id='word_1_592' title='bbox 872 5063 922 5113; x_wconf 87' lang='lat' dir='ltr'>bec</span> <span class='ocrx_word' id='word_1_593' title='bbox 940 5061 1021 5113; x_wconf 80' lang='lat' dir='ltr'>torma</span> <span class='ocrx_word' id='word_1_594' title='bbox 1041 5063 1187 5128; x_wconf 72' lang='lat' dir='ltr'>Cyprianus</span> <span class='ocrx_word' id='word_1_595' title='bbox 1208 5067 1257 5127; x_wconf 80' lang='lat' dir='ltr'>np.</span> <span class='ocrx_word' id='word_1_596' title='bbox 1277 5064 1321 5116; x_wconf 74' lang='grc'><strong>30.</strong></span> <span class='ocrx_word' id='word_1_597' title='bbox 1342 5078 1373 5117; x_wconf 85' lang='lat' dir='ltr'>ec</span> <span class='ocrx_word' id='word_1_598' title='bbox 1391 5066 1557 5122; x_wconf 83' lang='lat' dir='ltr'>Noeettanue</span> 
     </span>
     <span class='ocr_line' id='line_1_54' title="bbox 233 5133 467 5192; baseline 0 -8"><span class='ocrx_word' id='word_1_599' title='bbox 233 5134 266 5186; x_wconf 89' lang='lat' dir='ltr'>de</span> <span class='ocrx_word' id='word_1_600' title='bbox 308 5136 358 5184; x_wconf 87' lang='lat' dir='ltr'>rln.</span> <span class='ocrx_word' id='word_1_601' title='bbox 378 5133 409 5184; x_wconf 85' lang='lat' dir='ltr'>L.</span> <span class='ocrx_word' id='word_1_602' title='bbox 429 5135 467 5192; x_wconf 80' lang='lat'>1.)</span> 
     </span>
    </p>
   </div>
   <div class='ocr_carea' id='block_1_7' title="bbox 0 0 1862 5844">
    <p class='ocr_par' dir='ltr' id='par_1_12' title="bbox 0 0 1862 5844">
     <span class='ocr_line' id='line_1_55' title="bbox 0 0 1862 5844; baseline 0 3"><span class='ocrx_word' id='word_1_603' title='bbox 0 0 1862 5844; x_wconf 95' lang='lat' dir='ltr'> </span> 
     </span>
    </p>
   </div>
  </div>
 </body>
</html>
