3714 5844
727 401 802 467 LIB.
824 401 864 469 Π.
907 402 940 468 C.
964 403 992 468 1.
1013 401 1044 467 2.
1482 401 1541 468 129

219 581 299 648 pore
320 582 384 628 uno
407 581 442 628 se
463 564 604 647 reperire
625 579 719 646 posse
739 559 832 638 ideo,
857 563 943 648 quod
963 560 1041 626 nibil
1062 558 1196 648 simplici
1217 558 1251 625 in
1265 577 1380 644 genere
1396 560 1541 630 omnibns

220 675 261 722 ex
282 657 424 742 partibus
444 658 621 742 perlectum
646 664 756 721 natura
782 655 945 742 expolivit.
989 658 1116 741 Itaque,
1153 664 1311 742 tamquam
1338 659 1450 722 ceteris
1478 677 1542 723 non

219 753 260 816 sit
280 749 427 816 habitura
449 755 534 836 quod
555 750 723 835 largiatur,
747 752 773 817 si
794 750 850 816 uni
870 757 979 816 cuneta
993 751 1199 828 concesserit,
1220 749 1304 817 aliud
1318 751 1371 818 alii
1385 751 1543 819 commodi

219 844 327 930 aliquo
348 842 494 910 adiuncto
515 845 717 912 incommodo
739 853 934 912 muneratur.

304 941 346 1004 11.
379 941 412 1004 l.
447 941 541 1018 Quod
573 944 721 1024 quoniam
749 938 841 1006 nobis
870 961 997 1028 quoque
1027 941 1195 1009 voluntatis
1222 940 1350 1020 accidit,
1388 951 1423 1009 ut
1442 950 1565 1008 artems

221 1031 345 1100 dicendi
376 1034 662 1119 perscriberemus,
698 1055 764 1101 non
795 1055 894 1100 unum
927 1035 1054 1121 aliquod
1086 1036 1309 1123 proposuimus
1341 1037 1541 1121 exemplum,

220 1127 311 1194 cuius
341 1147 450 1194 omnes
478 1137 599 1214 partes,
637 1149 825 1216 quocunque
857 1139 961 1196 essent
981 1132 1013 1196 in
1036 1151 1165 1216 genere,
1201 1131 1427 1219 exprimendae
1449 1131 1540 1198 nobis

220 1222 397 1288 necessario
419 1224 615 1303 viderentur;
637 1222 709 1296 sed,
732 1223 879 1291 omnibus
900 1246 998 1290 unum
1018 1225 1052 1291 in
1073 1228 1177 1292 locum
1192 1226 1309 1293 coactis
1323 1226 1540 1313 scriptoribus,

221 1313 307 1402 quod
334 1318 467 1402 quisque
495 1319 748 1385 commodissime
775 1319 958 1406 praecipere
986 1323 1170 1399 videbatur,
1209 1321 1424 1408 excerpsimus
1445 1329 1477 1386 et
1497 1341 1539 1387 ex

221 1408 316 1475 variis
336 1409 471 1494 ingeniis
491 1411 754 1478 excellentissima
775 1435 919 1501 quaeque
941 1413 1117 1481 libavimus.
1160 1420 1210 1482 Ex
1230 1417 1269 1482 iis
1292 1416 1391 1493 enirn,
1416 1416 1469 1505 qui
1488 1435 1581 1481 no-rc

221 1505 305 1571 mine
326 1514 358 1571 et
378 1506 533 1572 memoria
555 1505 643 1591 digni
664 1515 750 1582 sunt,
772 1528 831 1574 nec
852 1507 929 1574 nibil
950 1511 1068 1595 optime
1088 1529 1147 1576 nec
1169 1515 1274 1577 omnia
1296 1510 1544 1599 praeclarissime

223 1600 389 1686 quisquam
421 1599 527 1666 dicere
557 1598 648 1666 nobis
680 1601 857 1668 videbatur.
903 1605 1103 1691 Quapropter
1131 1605 1261 1671 stultitia
1290 1606 1356 1672 visa
1385 1614 1432 1671 est
1453 1614 1545 1671 autu

222 1696 305 1758 bene
325 1693 460 1761 inventis
481 1693 612 1761 alicttius
633 1699 804 1774 recedere,
838 1695 866 1762 si
886 1718 950 1785 quo
972 1703 1005 1763 in
1026 1697 1103 1764 vitio
1125 1699 1191 1764 eius
1213 1698 1459 1775 ollenderemur,
1492 1706 1547 1764 aut

222 1786 262 1854 ad
283 1788 358 1854 vitia
380 1809 508 1876 quoque
530 1792 599 1855 eius
620 1788 785 1866 accedere,
815 1791 904 1858 cuius
926 1793 1031 1878 aliquo
1054 1790 1134 1858 bene
1156 1802 1322 1880 praecepte
1345 1792 1543 1858 duceremur.

223 1885 255 1947 5.
280 1884 402 1961 Quodsi
422 1882 457 1948 in
478 1888 591 1950 ceteris
614 1905 741 1972 quoque
763 1885 872 1951 studiis
894 1886 1032 1953 amnltis
1054 1887 1172 1970 eligere
1193 1887 1336 1953 homines
1357 1886 1582 1953 commodis-1⁵

223 1980 337 2043 simum
366 1981 514 2064 quodque
543 1999 636 2065 quam
673 1999 742 2044 sese
764 1979 820 2045 uni
841 1979 933 2047 alicui
954 1990 1042 2048 certo
1065 1981 1180 2047 vellent
1200 1980 1359 2058 addicere,
1390 1983 1492 2046 minus
1512 1981 1547 2046 in

223 2070 434 2154 arrogantiam
463 2069 677 2150 offenderent3
715 2094 779 2140 non
805 2082 891 2140 tanto
923 2095 1019 2163 opere
1042 2075 1076 2141 in
1097 2075 1181 2142 vitiis
1203 2085 1458 2162 perseverarent3
1492 2077 1546 2142 ali-

223 2173 340 2252 quanto
366 2165 467 2232 levius
494 2187 536 2232 ex
561 2165 723 2232 inscientia
752 2171 944 2236 laborarent.
988 2173 1033 2236 Ac
1055 2171 1081 2234 si
1101 2190 1159 2253 par
1180 2169 1213 2235 in
1234 2169 1326 2237 nobis
1348 2171 1441 2237 buius
1470 2171 1547 2236 artis

223 2271 317 2345 atque
340 2259 446 2325 inille
468 2262 610 2349 picturae
631 2261 760 2327 seientia
782 2261 911 2341 luisset,
933 2265 1067 2330 fortasse
1088 2263 1188 2349 magis
1209 2266 1271 2328 hoc
1292 2285 1351 2330 suo
1373 2265 1407 2330 in
1428 2284 1546 2350 genere

223 2375 303 2440 opus
330 2362 473 2420 nostrum
510 2377 604 2442 quam
634 2356 687 2421 ille
716 2356 749 2421 in
780 2377 836 2422 sna
862 2357 982 2443 pictura
1010 2358 1124 2424 nobilis
1152 2357 1295 2423 eniteret.
1353 2362 1402 2424 Ex
1429 2359 1585 2424 maiorem

225 2448 308 2514 enim
331 2451 420 2535 eopia
441 2452 533 2516 nobis
555 2471 649 2535 quam
671 2450 719 2515 illi
742 2450 801 2517 luit
822 2451 1037 2538 exemplorum
1059 2451 1193 2538 eligendi
1215 2460 1363 2539 potestas.
1408 2452 1463 2518 Ille
1485 2473 1548 2518 una

225 2565 267 2608 ex
287 2546 367 2607 urbe
389 2552 419 2608 et
441 2564 482 2609 ex
504 2565 543 2611 eo
565 2565 697 2610 numero
720 2544 896 2629 virginum,
934 2567 1017 2631 quae
1046 2555 1112 2613 tum
1143 2555 1249 2622 erant,
1287 2545 1404 2633 eligere
1425 2545 1545 2633 potuit:

224 2633 316 2702 nobis
338 2639 492 2714 omnium,
516 2637 694 2724 quicunque
714 2640 843 2705 luerunt
863 2643 903 2704 ab
925 2640 1035 2706 ultimo
1057 2639 1214 2728 principio
1235 2639 1329 2706 huius
1351 2640 1546 2727 praeceptio-

224 2731 274 2798 nis
302 2730 467 2819 usquead
494 2735 555 2798 boe
583 2741 726 2817 tempus,
761 2734 913 2821 expositis
933 2734 1050 2819 copiis,
1082 2738 1291 2823 quodeunque
1311 2734 1468 2823 placeret,
1493 2734 1548 2800 eli-

225 2826 318 2913 gendi
339 2834 476 2913 potestas
496 2828 565 2892 luit.
1557 2845 1584 2887 es

310 2925 341 2986 6.
376 2925 422 2986 Ac
450 2929 574 2986 veteres
604 2920 731 3008 quidem
759 2921 930 3007 scriptores
953 2925 1028 2990 artis
1050 2944 1150 3011 usque
1170 2943 1189 2988 a
1210 2921 1353 3011 principe
1374 2922 1429 2989 illo
1452 2931 1547 3008 atque

225 3012 390 3079 inventore
412 3014 494 3104 Tisia
515 3019 666 3102 repetitos
687 3018 838 3083 nnumin
860 3021 965 3085 locum
987 3020 1137 3085 conduxit
1157 3018 1341 3084 Aristoteles
1364 3027 1395 3084 et
1408 3018 1549 3082 nomina-

225 3109 281 3172 tim
303 3107 454 3192 cuiusque
474 3117 642 3196 praecepta
661 3131 773 3196 magna
794 3112 970 3198 conquisita
990 3134 1065 3178 eura
1078 3117 1245 3199 perspicue
1259 3111 1442 3198 conscripsit
1456 3121 1548 3198 atque

226 3202 359 3266 enodata
380 3201 548 3288 diligenter
577 3205 740 3291 exposuit;
774 3227 811 3272 ae
843 3214 963 3273 tantum
989 3206 1207 3273 inventoribus
1234 3205 1312 3292 ipsis
1340 3207 1490 3270 suavitate
1518 3215 1549 3270 et

117 3323 120 3331 ·
225 3292 379 3360 brevitate
400 3298 523 3362 dicendi
545 3300 717 3382 praestitit,
741 3309 776 3366 ut
795 3322 892 3367 nemo
913 3301 1039 3367 illorum
1060 3308 1227 3387 praecepta
1246 3319 1289 3366 ex
1303 3298 1445 3386 ipsorum
1459 3297 1548 3365 libris
1556 3316 1584 3358 so

226 3397 412 3475 cognoscat,
435 3395 492 3458 sed
514 3413 642 3470 omnes,
666 3396 737 3481 qui,
760 3393 846 3481 quod
866 3396 913 3462 illi
934 3396 1142 3482 praecipiant,
1173 3393 1272 3460 velint
1290 3392 1483 3476 intelligere,
1509 3390 1548 3457 ad

225 3483 309 3550 bunc
335 3484 424 3573 quasi
452 3485 493 3553 ad
519 3486 674 3575 quendam
703 3488 801 3554 multo
823 3489 1072 3556 commodiorem
1094 3488 1319 3576 explicatorem
1339 3494 1547 3556 revertantur.

226 3582 258 3644 ’1.
281 3583 383 3667 Atque
403 3580 455 3647 bie
478 3583 605 3668 quidem
625 3585 694 3669 ipse
715 3590 747 3648 et
767 3602 836 3650 sese
857 3583 961 3668 ipsum
982 3582 1074 3650 nobis
1097 3591 1128 3648 et
1148 3603 1223 3659 eos,
1257 3584 1310 3668 qui
1331 3590 1401 3648 ante
1423 3601 1457 3647 se
1479 3580 1549 3647 lue·

226 3681 312 3748 rant,
335 3676 368 3739 in
389 3675 495 3741 medio
516 3675 640 3760 posuit,
663 3685 699 3743 ut
719 3684 751 3743 et
771 3685 894 3744 eeteros
916 3687 948 3742 et
969 3698 1004 3742 sc
1026 3677 1130 3763 ipsum
1144 3696 1202 3762 per
1216 3697 1250 3741 se
1264 3694 1546 3760 cognosceremus3

227 3764 266 3831 ab
297 3769 360 3833 boc
388 3777 492 3835 autem
520 3769 576 3857 qui
607 3770 740 3857 proiecti
770 3782 856 3848 sunt,
894 3791 1083 3858 quamquam
1110 3771 1144 3836 in
1166 3770 1309 3836 maximis
1332 3768 1584 3856 pbilosopbiaets

227 3861 368 3944 partibus
389 3883 506 3951 operae
527 3865 696 3950 plurimum
717 3874 993 3952 consumpserunt,
1028 3865 1108 3931 sieut
1128 3865 1262 3951 etipse,
1299 3865 1388 3930 cuius
1408 3864 1548 3930 instituta

227 3959 457 4044 sequebantur,
490 3960 627 4037 fecerat,
660 3968 762 4026 tamen
788 3960 944 4047 permulta
964 3959 1056 4024 nobis
1077 3967 1245 4047 praecepta
1266 3957 1390 4024 dicendi
1411 3956 1548 4042 relique·

227 4058 312 4116 runt.
332 4057 460 4140 ‘Atque
487 4053 542 4120 alii
568 4075 696 4142 quoque
726 4053 788 4119 alio
820 4076 860 4121 ex
888 4056 977 4121 lente
996 4060 1216 4139 praeceptores
1238 4054 1360 4117 dicendi
1384 4070 1549 4117 emanave-

228 4155 316 4223 runt,
351 4151 405 4235 qui
426 4148 502 4214 item
522 4149 714 4235 permultum
736 4153 775 4215 ad
797 4148 980 4225 dicendum,
1013 4147 1041 4212 si
1062 4145 1137 4234 quid
1158 4167 1210 4213 ars
1230 4145 1372 4231 prolicit,
1403 4145 1548 4230 opitulati

227 4248 311 4307 sunt.
355 4245 433 4308 Nam
462 4244 523 4308 luit
554 4252 697 4330 tempore
725 4243 856 4322 eedem,
891 4264 955 4331 quo
982 4241 1180 4319 Aristoteles,
1217 4261 1348 4327 magnus
1376 4248 1408 4305 et
1433 4237 1585 4310 nobilium

227 4334 336 4430 rhetor
356 4338 527 4419 Isocrates;
559 4337 648 4406 euius
668 4338 766 4426 ipsius
787 4360 882 4425 mam
904 4345 1025 4406 constet
1045 4357 1114 4402 esse
1135 4345 1249 4413 artem,
1271 4357 1336 4401 non
1355 4333 1544 4400 invenimus.

297 4513 323 4565 1.
342 4523 396 4563 uno
414 4525 442 4564 ra
458 4513 487 4562 in
502 4526 613 4576 corpora
624 4513 707 4565 Pur:
726 4526 781 4564 uuo
799 4514 828 4565 io
844 4527 871 4564 aa
889 4525 997 4576 corpore
1008 4510 1042 4574 l,
1060 4526 1114 4563 uuo
1131 4513 1161 4562 ta
1172 4523 1283 4574 comere
1293 4523 1321 4560 se
1333 4511 1364 4562 11.
1380 4536 1409 4548 -
1430 4509 1548 4558 omuibus

228 4595 261 4636 eat
270 4583 393 4648 portibus
405 4581 512 4634 Pauus
532 4583 604 4634 omrai
620 4599 653 4636 ee
661 4589 740 4650 porte
752 4585 783 4634 li.
798 4609 827 4621 -
847 4585 874 4633 2.
887 4585 931 4634 lta
943 4583 1031 4634 Scbcl.
1046 4583 1133 4644 Oud.,
1148 4582 1222 4644 prob.
1237 4582 1298 4632 lirn-
1314 4607 1343 4619 —
1364 4581 1408 4633 to.
1426 4577 1471 4646 tis]
1497 4579 1548 4629 sse

228 4655 269 4716 T,
287 4653 326 4705 dtr
344 4654 450 4706 rsus.
464 4679 497 4690 -
515 4654 559 4706 ld.
578 4657 648 4706 vitio
664 4657 718 4706 eius
735 4667 835 4719 queque
845 4655 946 4706 PART.
960 4679 994 4690 -
1011 4655 1055 4704 15.
1069 4651 1097 4714 c]
1117 4654 1280 4704 111111).-
1299 4653 1344 4704 11.
1363 4652 1549 4717 arrogantium

228 4724 320 4776 rsus
339 4732 366 4778 et
384 4725 521 4788 plerlque,
545 4726 587 4776 Le
615 4727 776 4790 arrogantie
799 4736 859 4775 cum
886 4726 1012 4776 Palatinis
1031 4723 1138 4775 Grutert
1157 4724 1188 4776 li.
1216 4723 1294 4786 (lllud
1314 4731 1372 4774 est:
1406 4724 1549 4775 «caderent

229 4799 256 4848 ln
274 4793 488 4860 arrogantiam»)
508 4819 539 4832 -
567 4795 610 4846 18.
637 4797 745 4847 lmcitta
762 4794 839 4847 Leld.
859 4795 908 4844 111.
937 4795 1084 4845 Sebutztus.
1122 4791 1176 4846 Cir.
1202 4795 1349 4846 Gernbardl
1376 4793 1485 4845 Excurs.
1514 4791 1547 4842 ad

230 4868 285 4918 Cle.
303 4867 376 4919 Lael.
397 4873 424 4919 et
441 4867 498 4918 Cat·
516 4879 543 4928 p.
562 4867 623 4917 293.
643 4891 675 4902 -
703 4867 746 4916 20.
767 4877 849 4927 quam
864 4866 935 4915 ttta'ur
949 4866 1057 4927 pteturc
1074 4863 1170 4914 nobilis
1187 4868 1293 4917 eniteret
1312 4865 1350 4926 L,
1378 4863 1548 4927 quamcitius

228 4939 259 4988 to
275 4939 450 5000 acupictura
466 4937 578 5000 oobtlts,
605 4937 713 4990 estuat
738 4936 801 4987 ltro·
827 4939 952 4997 auspteto.
989 4934 1057 4986 the
1074 4935 1187 4988 wetzel.
1207 4961 1239 4973 -
1269 4936 1313 4986 29.
1334 4949 1366 4985 ec
1383 4935 1489 4987 PART:
1518 4939 1548 4983 ot

230 5021 289 5059 eum
315 5009 401 5059 Scbcl.
428 5009 497 5060 Oud.
526 5013 553 5060 ct
577 5007 655 5059 Leld.
682 5009 704 5058 1.
733 5007 764 5058 E.
791 5030 823 5045 -
853 5005 898 5059 ³³.
926 5001 989 5070 sese]
1007 5016 1036 5056 aa
1052 5004 1155 5059 PART.
1175 5029 1208 5044 -
1237 5005 1282 5058 dd.
1312 5009 1337 5058 at
1361 5011 1423 5058 ante
1451 5011 1548 5059 eeteros

230 5093 284 5133 om·
302 5078 407 5132 PART·
434 5105 468 5118 ·“·
494 5077 539 5134 ³60
557 5079 638 5134 'iculi
654 5079 711 5143 spu
725 5078 784 5131 AT·
1077 5103 1087 5124 ¹

287 5185 426 5238 metra,
1196 5185 1217 5253 p
