3714 5844
707 477 784 541 LIB.
808 476 835 542 Ι.
880 479 914 544 (l.
938 479 989 545 22.
1011 479 1062 543 23.
1487 477 1545 544 191

223 643 336 724 potero
366 642 399 704 ct
423 633 516 702 lateri
545 635 669 702 nescire
697 635 783 724 quod
812 639 970 715 nesciam,
1005 636 1097 714 lieet,
1130 636 1231 723 inquit
1259 637 1409 715 Crassus,
1442 647 1547 704 vestro

224 730 376 798 arbitratu
403 733 640 816 percontamini.
696 735 766 798 102.
799 734 915 820 Atqui,
950 731 1052 818 inquit
1082 733 1255 819 Sulpicius,
1291 737 1353 799 lroc
1386 730 1545 817 [primum]

224 849 266 892 ex
286 835 334 902 te,
363 830 402 892 de
424 848 487 913 quo
509 827 607 892 modo
627 827 781 893 Antonius
803 826 966 912 exposuit,
1000 827 1075 911 quid
1097 827 1233 905 sentias,
1266 828 1463 914 quaerimus:
1495 849 1548 892 ex·

223 922 385 987 istimesne
416 928 515 986 artem
544 921 680 1008 aliquam
710 941 778 986 esse
806 919 954 987 dicendi?
994 921 1101 998 Quidt
1131 921 1209 987 mihi
1236 943 1319 988 nunc
1340 942 1416 998 vos,
1446 921 1549 1010 inquit

226 1013 371 1092 Crassus,
404 1022 562 1103 tamquam
590 1016 684 1082 alicui
715 1015 868 1082 Graeculo
897 1018 1001 1082 otioso
1029 1023 1061 1082 et
1092 1017 1217 1103 loquaci
1245 1025 1277 1082 et
1298 1016 1431 1083 fortasse
1453 1021 1570 1083 doctos

224 1115 319 1193 atque
340 1112 465 1177 emdito
493 1109 778 1198 quaestiunculam,
806 1114 846 1176 da
876 1132 937 1197 qua
965 1131 1037 1176 meo
1065 1109 1216 1177 arbitratu
1244 1111 1373 1197 loquar,
1406 1112 1548 1201 ponitisi

225 1204 360 1281 Quando
382 1207 466 1271 enim
487 1225 538 1271 me
561 1207 621 1271 ista
643 1225 769 1272 curasse
791 1213 844 1271 aut
865 1205 1020 1292 cogitasse
1042 1206 1256 1284 arbitramini,
1286 1214 1318 1272 et
1338 1227 1402 1272 non
1424 1227 1549 1292 semper

223 1298 359 1364 irrisisse
379 1302 485 1388 potius
507 1321 619 1367 eorum
640 1299 804 1366 bominum
824 1300 1068 1388 impudentiam,
1091 1303 1163 1387 qni,
1188 1323 1259 1366 oum
1280 1304 1313 1366 in
1335 1303 1443 1366 schola
1465 1321 1549 1368 asse·

224 1391 344 1459 dissent
364 1415 476 1480 magna
496 1395 661 1462 hominum
682 1395 877 1482 frequentia,
902 1394 1008 1462 dicere
1029 1396 1192 1474 iuberent,
1216 1396 1244 1462 si
1265 1395 1335 1482 quis
1357 1397 1433 1482 quid
1454 1415 1550 1484 qnae·

223 1493 330 1555 roseti
366 1493 437 1555 103.
463 1491 557 1568 Quod
578 1490 713 1574 primum
735 1493 844 1557 ierunt
865 1491 1053 1557 Leontinum
1075 1492 1188 1557 iecisse
1210 1490 1379 1576 Gorgiam,
1402 1492 1458 1578 qui
1478 1505 1587 1578 per-1⁰

223 1604 371 1668 magnum
404 1586 553 1672 quiddam
581 1585 742 1673 suscipere
772 1607 809 1652 ac
830 1584 974 1673 profiteri
1002 1585 1187 1664 videbatur,
1220 1605 1291 1650 cum
1313 1603 1347 1651 se
1369 1589 1408 1650 ad
1431 1585 1547 1662 omnia,

224 1676 264 1744 de
286 1680 400 1764 quibus
423 1679 556 1765 quisque
579 1678 689 1746 audire
711 1681 823 1758 vellet,
848 1701 918 1747 esse
932 1688 1076 1769 paratum
1091 1682 1299 1746 denuntiaret.
1343 1683 1457 1746 Postea
1470 1700 1548 1747 vero

224 1771 320 1857 vulgo
341 1776 404 1839 hoc
425 1774 529 1840 lacero
558 1782 733 1863 coeperunt
760 1774 919 1861 hodieque
947 1777 1083 1852 iaciunt,
1117 1783 1153 1842 ut
1181 1775 1265 1842 nulla
1296 1775 1338 1841 sit
1365 1795 1419 1840 res
1447 1793 1550 1859 nequa

224 1877 310 1934 tanta
335 1875 440 1956 beque
473 1876 536 1935 tam
565 1869 738 1956 improvisa
769 1890 871 1958 neque
904 1877 967 1936 tam
997 1890 1101 1949 nora,
1137 1872 1176 1936 de
1205 1891 1267 1957 qna
1288 1891 1323 1936 se
1343 1889 1409 1936 non
1431 1868 1547 1945 omnia,

225 1982 305 2049 quae
327 1962 390 2029 dici
408 1966 548 2052 possint,
583 1963 790 2051 profiteantur
811 1987 880 2032 esse
902 1965 1052 2032 dicturos.
1100 1965 1172 2032 iot.
1208 1963 1331 2044 Quodsi
1359 1973 1411 2041 te,
1447 1965 1587 2040 Coita,1⁵

225 2059 399 2124 arbitrarer
430 2067 485 2125 ant
504 2067 554 2137 to,
589 2059 728 2146 Sulpici,
763 2058 802 2125 de
824 2060 863 2126 iis
883 2063 981 2127 rebus
1002 2058 1111 2128 audire
1132 2059 1230 2137 velle,
1264 2059 1464 2126 adduxissem
1488 2057 1550 2123 huo

226 2155 380 2219 Graecum
402 2153 559 2242 aliquem,
596 2154 650 2242 qui
672 2175 729 2222 vos
750 2155 929 2222 istiusmodi
949 2153 1211 2243 disputationibus
1233 2154 1427 2234 delectaret;
1464 2153 1551 2238 qnod

225 2271 266 2314 ne
287 2270 372 2316 nunc
392 2250 518 2335 quidem
541 2247 668 2316 difficile
689 2251 773 2316 factu
796 2257 853 2316 est.
897 2253 954 2316 Est
975 2250 1058 2316 enim
1089 2247 1172 2333 apud
1202 2253 1245 2316 ii.
1276 2251 1440 2326 Pisonem,
1475 2249 1551 2312 ado·
1659 2312 1662 2323 ,
1692 2235 1698 2245 ’

225 2343 396 2410 lescentem
421 2342 505 2429 [iam]
528 2343 604 2409 huic
625 2342 728 2410 studio
751 2343 911 2423 deditum,
946 2364 1069 2412 summo
1090 2346 1252 2417 bominem
1280 2341 1409 2428 ingenio
1437 2341 1552 2407 nostri·
1576 2416 1580 2435 Ι

226 2460 287 2526 que
307 2437 543 2524 cupidissimum
563 2438 787 2522 Peripateticus
810 2441 951 2517 Staseas,
982 2440 1080 2505 homo
1108 2440 1202 2504 nobis
1223 2459 1299 2504 sane
1319 2434 1483 2501 familiaris
1505 2440 1548 2511 et,
1561 2451 1589 2497 st

225 2539 261 2598 ut
280 2533 374 2612 inter
405 2533 551 2599 homines
582 2533 702 2620 peritos
731 2542 874 2600 constare
904 2534 1015 2610 rideo,
1048 2533 1081 2598 in
1107 2533 1163 2600 illo
1192 2554 1249 2598 suo
1273 2551 1389 2618 genere
1410 2531 1551 2596 omnium

225 2627 382 2715 princeps.
426 2629 545 2693 XXIII.
571 2630 642 2694 105.
668 2629 770 2706 Quem
793 2637 828 2694 tu
849 2628 945 2705 mihi,
968 2626 1072 2712 inquit
1091 2628 1233 2704 blucius,
1267 2629 1427 2703 Staseam,
1456 2642 1552 2709 quem

226 2722 469 2812 Beripateticum
498 2727 629 2789 narras‘i
667 2720 830 2790 Gerendus
862 2723 993 2788 esttibi
1022 2740 1092 2787 mos
1125 2720 1393 2794 adolescentibus,
1430 2721 1551 2792 Crasse,

227 2817 281 2904 qui
308 2839 371 2885 non
404 2818 517 2884 Graeci
544 2817 676 2884 alicuius
705 2816 919 2905 quotidianam
946 2815 1168 2902 loquacitatem
1198 2814 1265 2880 sine
1295 2836 1356 2880 usu
1383 2833 1486 2899 nequa
1509 2833 1551 2878 ex

226 2911 343 2984 scholis
365 2913 551 2979 cantilenam
572 2914 756 2998 requirunt,
779 2914 836 2978 sed
856 2932 898 2977 ex
912 2910 1041 2976 homine
1058 2913 1198 2976 omnium
1213 2905 1442 2994 sapientissimo
1458 2914 1589 2993 atquese

227 3007 485 3096 eloquentissimo
507 3016 602 3094 atque
625 3029 666 3073 ex
689 3026 750 3084 eo,
785 3009 840 3094 qui
867 3028 933 3072 non
954 3005 987 3071 in
1009 3003 1123 3071 libellis
1145 3003 1255 3070 sedin
1276 3000 1427 3069 maximis
1450 2999 1552 3066 causis

228 3109 259 3168 et
281 3103 315 3168 in
335 3107 396 3170 boc
417 3101 576 3169 domicilio
608 3100 737 3188 imperii
765 3109 797 3166 et
828 3101 948 3187 gloriae
976 3104 1016 3165 sit
1046 3098 1178 3166 consilio
1200 3097 1370 3186 linguaque
1392 3097 1550 3182 princeps,

227 3197 317 3264 cuius
338 3199 467 3284 vestigia
488 3196 636 3286 persequi
651 3196 800 3280 cupiunt,
825 3195 892 3261 eins
907 3197 1091 3262 sententiam
1106 3192 1314 3259 sciscitantur.
1361 3193 1432 3255 106.
1456 3188 1553 3275 Equi-

228 3295 301 3358 dem
323 3299 354 3357 te
376 3313 447 3359 oum
469 3296 503 3359 in
524 3291 657 3358 dicendo
680 3310 806 3377 semper
827 3289 935 3374 putavi
957 3288 1070 3366 deum,
1104 3295 1171 3354 tum
1197 3308 1276 3354 vero
1304 3284 1363 3354 tibi
1392 3304 1552 3375 nunquam

229 3387 429 3474 eloquentiae
450 3391 604 3454 maiorem
625 3386 722 3452 tribui
743 3387 869 3452 laudem
891 3405 985 3471 quam
1006 3383 1225 3463 humanitatis;
1258 3401 1321 3469 qna
1349 3402 1431 3446 nnnc
1452 3386 1484 3446 te
1505 3377 1590 3448 utieo

227 3485 281 3549 vel
302 3483 440 3549 maxime
462 3481 553 3548 decet
573 3502 677 3567 neque
698 3480 850 3566 defugere
872 3500 944 3544 cam
965 3477 1227 3565 disputationem,
1258 3476 1298 3543 ad
1319 3496 1414 3562 quam
1435 3481 1467 3540 te
1489 3472 1552 3540 duo

167 3629 179 3646 .
229 3577 419 3644 excellentes
440 3577 573 3664 ingenIis
594 3574 806 3642 adolescentes
828 3573 959 3660 cupiunt
979 3572 1142 3640 accedere.

315 3675 387 3739 107.
415 3675 484 3756 Ego
505 3693 601 3748 vero,
624 3670 744 3759 inquit,
767 3669 834 3736 istis
856 3668 990 3755 obsequi
1010 3667 1123 3735 studeo
1144 3687 1248 3756 neque
1270 3664 1426 3753 gravabor
1447 3663 1554 3732 brevi-

229 3774 279 3833 ter
299 3787 371 3834 meo
392 3787 502 3843 more,
534 3762 611 3854 quid
632 3785 755 3853 quaque
778 3767 817 3829 de
837 3783 875 3829 re
904 3765 1056 3840 senu’am,
1090 3762 1207 3829 dicere.
1251 3765 1297 3828 Ac
1317 3763 1455 3846 primum
1475 3758 1554 3827 illud

231 3859 390 3949 (quoniam
422 3861 639 3928 auctoritatem
660 3871 746 3928 tuam
767 3858 944 3946 negligere,
981 3858 1146 3934 Scaevola,
1183 3859 1245 3924 ias.
1258 3856 1336 3922 milri
1365 3853 1457 3942 [esse]
1489 3876 1590 3923 nones

300 4104 327 4154 Β.
346 4101 426 4168 Atqui
444 4103 465 4154 Β
482 4104 599 4167 sitique,
617 4102 658 4154 tt:
677 4101 764 4168 Atque
776 4103 807 4153 ii.
826 4125 860 4137 -
875 4101 991 4166 missum
1009 4112 1061 4151 om.
1081 4099 1128 4165 Lg.
1143 4097 1205 4150 XX.
1224 4099 1344 4164 boanue
1361 4110 1469 4164 omnes,
1489 4100 1554 4150 Item

230 4171 288 4226 ita.
324 4173 378 4226 iios
395 4175 564 4226 seclusimus.
585 4200 615 4212 -
635 4173 661 4224 3.
682 4187 715 4224 ee
733 4182 773 4232 te,
803 4173 833 4226 de
852 4169 912 4236 qao]
931 4173 1040 4224 ascende
1058 4184 1109 4236 qao
1126 4171 1163 4232 Β,
1194 4171 1296 4222 ostendi
1324 4171 1393 4236 qood
1410 4169 1443 4223 Β.
1464 4192 1493 4203 -
1524 4169 1552 4220 t.

230 4244 437 4296 coadunabit.
460 4269 494 4280 -
523 4246 549 4297 d.
570 4244 722 4311 aliquotas
741 4244 825 4295 codd.
845 4243 877 4292 Τ.
904 4241 946 4306 (In
965 4242 1059 4294 borum
1078 4241 1204 4294 librorum
1223 4237 1378 4313 ἀρχετύπῳ
1394 4241 1554 4292 dominatam

231 4329 289 4368 csse
308 4318 465 4377 scripturam
483 4319 637 4381 antiquam,
658 4328 719 4368 rere
738 4315 905 4378 Tulliensm,
922 4315 1018 4376 passim
1036 4313 1134 4364 iudicis
1155 4319 1316 4375 supersunt;
1344 4325 1423 4376 quam
1441 4314 1554 4373 scriptu·

234 4399 290 4438 ism
308 4385 349 4438 rel
366 4392 515 4438 constanter
544 4391 684 4440 resticuere
714 4387 755 4439 sei
782 4398 888 4450 prorsus
918 4385 1050 4448 negligere
1081 4384 1161 4436 debet
1186 4383 1316 4444 criticus,
1344 4387 1375 4434 nt
1397 4395 1446 4433 nos
1470 4383 1554 4433 cosctl

231 4455 345 4520 sumus.)
362 4481 397 4492 ·-
415 4457 441 4508 c.
460 4459 596 4521 impositis
613 4458 647 4507 ii.
668 4479 696 4490 -
716 4456 743 4507 8.
762 4455 968 4519 iasprudeats'om
980 4453 1011 4504 B·
1028 4480 1057 4494 -
1077 4458 1123 4522 qus·
1140 4450 1210 4517 eom]
1229 4454 1294 4518 quid
1311 4453 1381 4518 quod
1398 4453 1421 4505 Β
1447 4448 1473 4516 (e
1491 4454 1556 4504 scri-

232 4535 309 4592 pture
327 4539 421 4591 quom,
441 4541 522 4592 quesn
541 4529 567 4578 b.
587 4527 605 4580 I.
625 4534 652 4580 et
669 4528 808 4590 aliquoties
826 4528 918 4579 ascivit
935 4520 1062 4590 iiitendt.)
1082 4550 1113 4562 -
1145 4525 1172 4576 9.
1199 4538 1298 4590 magno
1323 4523 1408 4576 Codd.
1435 4523 1488 4576 ι1.ι
1522 4534 1556 4572 ess

230 4612 333 4664 magno
349 4598 410 4659 ΒΕ,
429 4605 454 4650 st
472 4612 570 4664 moqno
588 4598 623 4649 ii.
643 4621 673 4635 —
692 4594 819 4661 iuberent]
838 4597 964 4647 oederent
981 4596 1014 4646 Β.
1035 4617 1068 4634 -·
1087 4597 1131 4648 15.
1148 4597 1252 4660 possint
1270 4593 1355 4646 Codd.
1375 4596 1409 4646 si.
1423 4609 1430 4645 ι
1445 4597 1556 4658 possent

232 4671 270 4730 Β,
285 4674 396 4733 possunt
414 4668 472 4726 ΒΕ.
492 4695 521 4707 -
543 4669 586 4720 it.
604 4682 653 4719 nos
669 4668 725 4718 iiii.
747 4693 777 4706 -
797 4666 841 4717 19.
861 4669 916 4716 tom
934 4667 1028 4719 cumB
1045 4664 1157 4730 aliisque
1176 4665 1251 4719 bonis
1265 4665 1349 4720 codd.
1363 4666 1435 4730 apud
1450 4665 1554 4718 Ellendt

233 4755 286 4794 cm.
307 4739 337 4793 G.
357 4739 506 4802 stepasnus
526 4746 553 4792 et
571 4740 723 4792 Lambinus.
760 4737 814 4790 Nos
831 4737 998 4788 seclusimus.
1012 4761 1046 4772 -·-
1064 4737 1193 4788 bominem
1211 4750 1263 4788 om.
1284 4743 1411 4802 quattuor
1429 4737 1555 4790 Ellendtii

234 4811 319 4866 Codd.
339 4817 367 4862 et
383 4812 423 4873 Β,
451 4812 527 4861 bomo
545 4810 576 4860 Β.
595 4835 627 4848 -
658 4811 702 4861 so.
731 4809 913 4872 cupidissimos
931 4808 986 4858 itit.
1008 4830 1039 4844 ·-
1067 4808 1143 4858 bomo
1162 4808 1282 4860 eruditos
1298 4811 1374 4861 nobis
1391 4809 1425 4859 Β.
1447 4835 1476 4848 -
1508 4808 1554 4858 ΒΒ.

232 4884 309 4939 satist.
329 4883 416 4945 issqssit
433 4882 520 4934 Codd.
537 4880 592 4932 si.:
609 4883 710 4944 inquit,
729 4881 793 4932 midi
812 4878 890 4929 ΒΒΒ.
905 4904 935 4915 -
956 4875 1001 4927 23.
1021 4877 1070 4929 tibi
1087 4891 1141 4929 orn.
1157 4878 1189 4930 rt.
1205 4901 1232 4914 -
1254 4877 1298 4932 tt.
1318 4882 1436 4932 micatus
1452 4893 1506 4932 om.
1521 4879 1554 4930 Β.

235 4979 264 4998 -
284 4954 329 5006 ΒΒ.
345 4955 470 5019 persequi
487 4954 533 5018 qos'
551 4951 592 5012 Β,
610 4953 656 5016 qus·
670 4951 794 5017 persequi
812 4949 845 5000 it.
866 4971 898 4985 -
917 4947 962 4998 29.
981 4943 1069 5012 dmm]
1088 4951 1221 5000 domiuum
1239 4947 1272 5000 R.
1289 4977 1317 4989 -
1338 4951 1383 5004 31.
1404 4957 1429 5002 te
1447 4964 1500 5002 om.
1519 4950 1554 4999 ii.

235 5049 266 5064 -
285 5024 330 5075 31.
349 5027 422 5078 decet
438 5020 531 5088 neque]
549 5023 661 5086 dentque
677 5023 709 5072 Β.
735 5048 764 5062 -
797 5019 840 5074 31.
867 5019 1019 5072 secedentes
1035 5021 1149 5084 inqents's
1166 5021 1187 5070 Β
1206 5020 1323 5084 sitique:
1348 5022 1497 5075 mutuaris
1513 5023 1555 5071 s'ss·

234 5098 303 5162 gealt
320 5097 375 5147 iiii.
394 5095 457 5160 (deo
476 5094 651 5146 adolescentes
668 5094 819 5148 eaoetlsates
838 5087 895 5158 (sic)
913 5091 1014 5157 ingessit
1030 5090 1076 5148 Β.)
1088 5116 1120 5128 -
1138 5090 1183 5142 33.
1201 5105 1249 5144 saec
1261 5091 1294 5142 Ii.
1310 5118 1339 5132 -
1359 5093 1402 5144 35.
1416 5106 1471 5143 ιιοιι
1485 5097 1554 5157 poso

236 5178 288 5221 esse
305 5167 342 5230 it,
361 5181 416 5222 ιιοιι
433 5179 487 5222 esse
500 5173 568 5232 poto
588 5163 672 5220 Codd.
692 5165 797 5221 s1.iios
816 5178 841 5222 ι.
861 5174 945 5220 esses
964 5161 994 5218 G.
1013 5159 1150 5228 Stephano
1168 5165 1292 5217 omissum
1308 5164 1474 5218 seclusimus.
