3714 5844
715 404 793 469 Lm.
818 404 843 468 Ι.
889 405 923 470 C.
947 404 998 471 22.
1021 405 1073 470 23.
1498 403 1559 470 103

237 575 288 636 tur
309 587 412 656 neque
433 567 591 652 permixto
612 585 684 631 cum
709 563 852 652 partibus
880 563 1092 652 implicantur.
1137 566 1216 629 Nam
1246 583 1345 649 genus
1374 571 1437 640 est,
1473 563 1560 651 quod

237 664 341 749 plures
362 672 467 750 partes
489 660 704 745 amplectitur,
736 668 771 726 nt
792 660 916 725 animal.
960 662 1034 726 Pars
1057 666 1123 736 est,
1147 680 1227 747 quae
1248 664 1355 726 subest
1376 665 1502 746 generi,
1524 669 1560 728 ut

238 780 344 845 equus.
390 755 451 823 Sed
473 776 566 842 saepe
590 759 698 820 eadem
721 776 774 820 res
795 755 848 820 alii
872 776 983 840 genus,
1006 755 1059 820 alii
1081 776 1155 842 pars
1171 762 1228 821 est.
1273 758 1352 820 Nam
1373 758 1469 821 bomo
1492 758 1560 820 ani·

236 851 325 920 malis
346 871 420 938 pars
442 859 503 930 est;
541 849 681 916 Thebani
701 858 755 914 aut
776 851 904 916 Troiani
925 870 1035 936 genus.
1080 852 1199 916 xxnt.
1223 851 1311 916 Haec
1332 849 1404 914 ideo
1427 850 1560 933 diligen·

237 947 297 1012 tius
328 945 485 1012 inducitur
511 943 695 1028 descriptio,
731 951 767 1008 ut
794 953 901 1028 aperte
939 944 1096 1011 intellecta
1130 945 1267 1030 generali
1307 944 1582 1031 praescriptiones

236 1041 375 1126 paucitas
408 1059 557 1126 generum
587 1039 620 1104 in
648 1039 817 1122 partitione
848 1037 967 1104 servari
997 1039 1107 1126 possit.
1152 1043 1230 1104 Nam
1260 1041 1315 1126 qui
1338 1041 1381 1105 ita
1403 1042 1557 1124 partituri

238 1135 407 1202 Ostendam
431 1131 787 1219 proptercupiditatem
820 1140 852 1196 et
880 1135 1043 1199 audaciam
1066 1141 1098 1198 et
1119 1133 1282 1199 avaritiam
1306 1133 1560 1200 adversariorum

237 1229 344 1296 omnia
365 1227 564 1296 incommoda
584 1226 624 1293 ad
646 1247 714 1292 rem
735 1223 894 1310 publicam
914 1226 1116 1313 pervenisse3
1141 1228 1168 1291 is
1191 1247 1255 1292 nen
1269 1227 1426 1294 intellexit
1439 1229 1472 1294 in
1487 1249 1561 1315 par-

236 1325 363 1398 titione,
388 1323 530 1411 exposito
553 1343 682 1408 gauere,
718 1329 840 1406 partem
868 1343 902 1386 se
931 1320 1055 1406 generis
1084 1319 1299 1388 admiscuisse.
1359 1326 1438 1388 Nam
1461 1345 1559 1408 genus

237 1428 284 1484 est
305 1421 444 1486 omnium
466 1420 613 1484 nimirum
635 1415 801 1484 libidinum
823 1418 992 1504 eupiditaa;
1016 1418 1084 1482 eius
1100 1423 1205 1484 autem
1227 1418 1351 1502 generis
1372 1420 1440 1484 siue
1461 1417 1597 1486 dubiote

235 1533 309 1600 pars
332 1521 381 1578 est
401 1513 541 1578 avaritia.

321 1613 375 1674 33.
400 1609 470 1674 Hoc
491 1607 588 1692 igitur
608 1603 768 1671 vitandum
791 1612 857 1682 est,
881 1625 935 1680 ue,
959 1607 1047 1674 cuius
1068 1626 1168 1693 genus
1189 1610 1352 1690 posueris,
1378 1607 1445 1674 eius
1468 1609 1562 1678 sicuti

237 1703 371 1790 aliquam
403 1701 558 1768 diversam
592 1722 628 1766 ac
661 1700 845 1764 dissimilem
878 1709 998 1786 partem
1030 1722 1131 1785 ponas
1163 1702 1197 1767 in
1234 1701 1345 1768 eadem
1377 1707 1558 1789 partitione.

237 1798 358 1878 Quodsi
386 1800 472 1883 quod
498 1796 530 1861 in
558 1816 656 1881 genus
681 1796 788 1879 plures
809 1797 947 1860 incident
967 1804 1087 1880 partes,
1122 1795 1156 1862 id
1177 1820 1248 1862 cum
1270 1797 1304 1863 in
1326 1801 1428 1882 prium
1449 1819 1562 1866 musae

236 1892 407 1980 partitione
429 1894 489 1956 erit
510 1893 694 1975 simpliciter
715 1890 912 1973 expositum,
948 1890 1153 1958 distribuetur
1182 1901 1324 1977 tempore
1354 1915 1393 1960 oo
1423 1908 1599 1961 commo-ts

237 1987 380 2060 dissime,
404 2007 475 2051 cum
497 1985 538 2051 ad
559 1985 663 2068 ipsum
684 1993 812 2051 ventum
835 1985 896 2050 erit
916 1985 1137 2070 explicandum
1159 1990 1192 2052 in
1213 2009 1325 2054 causae
1340 1988 1476 2054 dictione
1490 1997 1563 2072 post

118 2078 121 2086 '
236 2082 448 2167 partitionem.
494 2083 596 2166 Atque
618 2079 697 2174 illud
719 2100 845 2166 quoque
868 2080 1005 2164 pertinet
1026 2085 1065 2146 ad
1087 2084 1294 2169 paucitatem,
1318 2105 1358 2149 ne
1380 2092 1433 2148 aut
1454 2085 1561 2166 plura,

238 2200 331 2265 qnam
353 2179 428 2242 satis
450 2184 516 2252 est,
540 2175 810 2241 demonstraturos
830 2194 889 2240 nes
911 2174 1071 2252 dieamus,
1095 2175 1155 2242 boe
1177 2182 1287 2243 modo:
1317 2177 1485 2244 Ostendam
1508 2176 1563 2242 ad-

237 2275 411 2346 versarios,
445 2273 530 2356 quod
559 2271 737 2354 arguimus,
773 2275 805 2333 et
830 2272 971 2352 petuisse
1000 2271 1104 2336 iacere
1138 2279 1170 2335 et
1196 2272 1334 2338 voluisse
1364 2280 1397 2337 et
1429 2272 1560 2350 iecisse3

236 2387 308 2431 nam
331 2366 443 2431 fecisse
465 2367 539 2430 satis
563 2373 610 2430 est
631 2366 814 2429 ostendere:
849 2371 917 2440 aut,
949 2385 1021 2428 eum
1042 2367 1075 2430 iu
1098 2386 1192 2430 causa
1213 2366 1339 2452 partitio
1362 2366 1447 2432 nulla
1468 2367 1508 2432 sit
1531 2375 1599 2432 eto

238 2481 309 2526 oum
330 2458 464 2545 simplex
485 2458 634 2545 quiddam
655 2465 782 2542 agatur,
805 2465 909 2522 tamen
930 2466 1055 2523 ummur
1077 2458 1313 2536 distributione3
1338 2458 1369 2524 id
1391 2463 1477 2546 quod
1491 2481 1563 2547 per-

238 2573 310 2620 raro
332 2560 437 2636 potest
458 2553 612 2619 accidere.
657 2559 702 2618 Ae
724 2560 797 2616 suut
817 2551 878 2616 alia
899 2573 1028 2637 quoque
1048 2563 1217 2638 praecepta
1238 2553 1458 2640 partitionum,
1480 2576 1562 2640 quae

238 2649 276 2714 ad
298 2652 382 2713 bunc
403 2669 495 2713 usum
518 2646 693 2714 oratorium
715 2665 780 2710 non
802 2652 890 2710 tanto
912 2666 1008 2732 opere
1030 2650 1224 2732 pertineant,
1251 2668 1331 2733 quae
1352 2658 1516 2715 versantur
1529 2652 1563 2715 in

237 2741 452 2826 philosophia,
475 2764 515 2807 ex
539 2744 654 2828 quibus
675 2743 752 2804 baeu
774 2741 840 2825 ipsa
863 2743 1095 2816 transtulimus,
1119 2762 1200 2826 quae
1223 2745 1393 2808 convenire
1412 2745 1564 2808 videban-

238 2845 305 2911 tur,
333 2856 467 2920 querum
493 2838 571 2902 nibil
591 2837 623 2900 in
646 2835 758 2900 ceteris
780 2831 898 2898 artibus
920 2833 1168 2901 inveniebamus.
1212 2841 1314 2922 Atque
1336 2838 1384 2901 bis
1406 2841 1447 2902 de
1467 2841 1562 2921 parti·
1571 2855 1599 2896 as

238 2929 324 2995 tione
353 2931 547 3016 praeceptis,
582 2935 613 2996 in
643 2930 729 2995 omni
762 2925 899 2994 dictione
930 2930 1110 2996 meminisse
1139 2930 1312 3016 oportebit,
1347 2939 1383 2995 ut
1409 2940 1441 2997 et
1461 2935 1564 3016 prima

238 3046 382 3112 quaeque
407 3045 498 3108 pars,
536 3033 571 3089 ut
601 3025 744 3111 exposita
772 3033 819 3090 est
844 3025 876 3087 in
899 3026 1083 3114 partitione,
1118 3025 1163 3088 sie
1185 3025 1298 3090 ordine
1320 3025 1510 3110 transigatur
1530 3036 1563 3092 et

239 3117 383 3184 omnibus
414 3121 579 3206 explicatis
610 3127 792 3205 peroratum
823 3117 879 3196 sit;
919 3120 981 3183 hoc
1010 3121 1123 3194 modo,
1156 3125 1191 3184 ut
1218 3141 1259 3184 ue
1294 3120 1369 3205 quid
1405 3123 1562 3204 posterius

237 3223 363 3300 praeter
393 3214 628 3279 conclusionem
660 3213 825 3278 inseratur.
870 3215 1005 3278 Partitur
1035 3212 1117 3298 apud
1149 3215 1331 3281 Terentium
1362 3214 1503 3282 breviter
1531 3221 1564 3279 et

239 3307 405 3375 commode
427 3331 525 3374 senex
546 3309 579 3374 iu
600 3308 732 3382 Andria,
757 3330 837 3394 quae
859 3327 1052 3392 cognoscere
1073 3310 1222 3374 libertum
1242 3310 1336 3376 velit:
1572 3327 1599 3370 se

406 3453 455 3516 Eo
472 3459 562 3534 pacto
584 3461 611 3515 et
630 3454 717 3534 prati
737 3453 878 3515 vitamet
899 3451 1057 3514 coralium
1077 3471 1174 3515 meam

408 3547 569 3631 Cognosces
589 3555 616 3610 et
637 3547 708 3630 qaid
725 3547 825 3630 [acere
847 3546 881 3610 ia
901 3545 957 3610 bec
977 3564 1010 3610 re
1031 3555 1058 3610 te
1077 3548 1176 3610 eelim.
1200 3549 1202 3554 “

240 3688 348 3795 ltaque
370 3691 636 3772 quemadmodum
659 3685 690 3753 in
711 3685 881 3773 partitione
902 3686 1087 3772 proposuit,
1110 3688 1153 3752 ita
1175 3696 1297 3766 ramat,
1320 3690 1456 3775 primum
1477 3691 1561 3775 gnati

239 3793 352 3849 mm·
407 3879 487 3942 Nam
507 3879 535 3940 ir
550 3884 712 3959 postquam
732 3879 859 3941 excessit
880 3897 920 3940 ea
941 3877 1071 3959 epbedit,
1093 3877 1183 3944 Sosia
1203 3911 1244 3928 ·-
1572 3895 1600 3938 ss

409 3969 558 4056 [Liberius
577 3973 695 4036 maledi
713 3973 774 4055 tait
789 3969 947 4056 petertea].

240 4107 360 4177 Deinde
382 4133 473 4178 suum
494 4114 679 4180 eonsilium:

323 4243 328 4254 '
407 4237 450 4300 Et
470 4257 549 4300 aare
569 4238 602 4300 id
622 4239 743 4320 operam
763 4237 812 4301 dc.

244 4447 251 4456 '
311 4437 338 4487 5.
359 4435 501 4500 descriptio
521 4437 575 4488 Eri.
596 4438 700 4490 oxonn.
722 4447 862 4502 quattuor,
884 4439 983 4502 pr.l³.i
1002 4445 1123 4504 strupra
1143 4455 1246 4494 rectum
1259 4443 1300 4492 T:
1318 4445 1476 4507 perscriptio
1495 4457 1564 4495 corr.

240 4508 277 4566 Ρ,
303 4510 479 4571 praescriptio
499 4509 519 4558 E
538 4521 597 4560 curn
617 4511 663 4560 BT
682 4517 709 4561 et
737 4522 816 4573 supra
843 4525 946 4562 versum
966 4513 999 4562 Α.
1029 4539 1058 4550 -
1087 4515 1380 4576 praescriptionem,
1412 4515 1486 4565 Letd.
1508 4518 1564 4566 tt:

238 4581 387 4642 partitione
404 4579 464 4637 Pii,
482 4582 606 4643 perticae
624 4578 682 4643 (stc)
703 4583 736 4629 a.
751 4604 781 4616 -
801 4582 844 4632 ta.
859 4585 913 4632 etas
930 4583 1008 4633 sicuti
1026 4583 1145 4645 aliquam
1163 4586 1293 4636 disertam
1312 4587 1381 4637 ΛΒΤ
1403 4592 1429 4636 et
1442 4597 1509 4636 eurr.
1530 4587 1564 4638 1³:

241 4653 297 4700 etas
309 4651 389 4699 secati
403 4649 458 4711 (ste)
478 4650 569 4713 atqua
581 4652 713 4703 diversam
726 4663 765 4712 pr.
779 4651 815 4711 P,
835 4653 890 4702 eius
906 4654 986 4702 ciceri
1004 4654 1135 4704 diuersam
1147 4656 1267 4719 aliquem
1279 4657 1370 4707 Lamb.
1386 4691 1394 4716 ,
1414 4659 1468 4706 etat
1480 4671 1568 4708 secam

241 4722 360 4785 utiquam
378 4721 456 4770 tieati
473 4721 603 4770 atumem
623 4723 652 4772 ii.
675 4747 703 4760 -
736 4721 780 4772 11.
800 4735 896 4773 causae
911 4724 1059 4784 partitione
1076 4724 1184 4776 rtur:
1201 4729 1348 4790 partitione
1367 4741 1461 4778 cautae
1480 4728 1510 4778 li.
1534 4753 1563 4766 ··

242 4793 286 4842 15.
305 4795 421 4854 tempore
439 4805 468 4841 ro
487 4791 558 4840 ΛΒΤ
577 4799 604 4842 et
621 4805 686 4844 eorr.
706 4792 746 4842 P:
776 4806 827 4842 om.
847 4807 877 4842 ee
897 4805 936 4854 pr.
955 4793 994 4852 Ρ,
1021 4806 1051 4843 eo
1070 4800 1186 4858 tempera
1205 4797 1235 4847 lt.
1259 4820 1294 4834 ..
1325 4798 1368 4850 18.
1396 4809 1444 4847 aet
1464 4798 1567 4850 demea·

241 4865 377 4912 atrateror
395 4875 446 4914 essa
466 4860 584 4911 dicamas
603 4863 643 4921 V.
664 4865 957 4914 demonstrataraaaes
975 4875 1028 4912 etta
1046 4865 1212 4917 diremerit.
1235 4893 1263 4908 -·
1283 4870 1328 4920 20.
1347 4869 1413 4920 tatia
1432 4875 1470 4920 eat
1483 4877 1567 4919 artea-

242 4934 303 4983 dere
321 4932 407 4984 rare
429 4933 562 4982 attendere
579 4935 645 4984 satia
663 4939 700 4984 est
719 4933 773 4984 litt.
794 4957 828 4970 -
847 4934 890 4982 at.
910 4934 1021 4992 simplae
1038 4935 1162 4998 quiddam
1180 4937 1291 4990 PART:
1311 4940 1437 5005 quiddam
1454 4939 1568 5000 timptea

243 5003 274 5053 R.
295 5027 326 5039 -
345 5003 389 5053 2³.
407 5006 539 5066 pertineat
560 5002 596 5062 V,
612 5007 779 5066 pertineant,
798 5004 843 5054 sed
860 5017 929 5068 qaae
948 5003 1068 5056 Ernestto
1087 5014 1194 5061 austere
1215 5009 1276 5062 Seb.
1298 5035 1327 5048 -
1359 5010 1401 5062 86.
1429 5009 1476 5063 Vt.
1496 5009 1568 5061 bibe·

243 5075 301 5122 rtet
318 5098 330 5111 ·
348 5097 358 5109 -
373 5079 491 5138 potestat
509 5087 562 5125 em.
582 5075 650 5125 ΡΑΤ
668 5077 779 5140 alitque.
815 5073 868 5126 Ner
887 5074 1051 5128 secluatmus.
