3720 5840
755 441 832 507 LlB.
855 441 896 505 ll.
942 441 977 506 C.
1001 442 1052 504 25.
1075 441 1126 504 26.

358 601 428 664 Eleo
450 609 498 674 tu,
520 602 567 676 dt,
590 599 695 684 quibus
716 609 760 664 cst
774 609 908 684 potestas
928 608 1025 663 motus
1046 605 1186 683 superum
1208 607 1295 684 atquc
1316 601 1463 684 inferum!

358 697 466 759 Pacem
486 697 565 759 iuter
586 716 647 759 sese
668 697 846 771 conciliant,
869 697 1022 779 censuum
1043 695 1241 759 concordiam.

274 839 352 900 Nam
373 838 416 902 ita
436 858 496 919 pro
519 857 576 901 suo
599 835 668 901 iure
689 839 752 901 hoc
781 836 927 922 exemplo
954 857 1046 902 nsum
1069 837 1297 922 Cresphontem
1320 837 1438 902 Ennius
1460 835 1597 913 induxit,

274 933 363 1016 quasi
385 933 448 996 iam
470 933 544 996 satis
567 935 661 998 certis
683 931 856 997 rationibus
877 931 922 996 ita
944 954 1013 998 esse
1036 930 1289 998 demonstrasset.
1331 935 1382 997 lb.
1408 935 1486 996 Item
1507 934 1601 998 vitio-

274 1045 343 1089 sum
372 1032 435 1100 est,
472 1031 558 1113 qnod
591 1030 653 1092 iam
684 1029 774 1114 quasi
804 1047 875 1092 sero
903 1034 997 1114 atque
1025 1035 1096 1092 aeto
1125 1029 1252 1113 negotio
1275 1026 1338 1092 dici
1359 1028 1499 1104 videtur,
1537 1030 1623 1092 hocs

274 1123 387 1186 modo:
425 1125 460 1185 ln
487 1128 622 1188 mentem
652 1121 730 1187 mihi
759 1121 786 1186 si
811 1123 965 1196 venisset,
1003 1121 1159 1198 Quirites,
1195 1143 1260 1188 non
1286 1121 1530 1196 commisissem,
1565 1129 1601 1187 ut

274 1215 357 1278 hunc
379 1217 411 1280 in
433 1215 537 1282 locum
559 1238 610 1282 res
631 1217 771 1294 veniret3
795 1238 866 1282 nam
888 1218 950 1280 hoc
972 1225 1026 1282 aut
1041 1216 1101 1282 hoc
1117 1215 1280 1295 fecissem3
1304 1217 1359 1284 sed
1375 1239 1425 1282 me
1441 1224 1506 1282 tum
1521 1219 1600 1282 haec

274 1311 354 1374 ratio
375 1309 465 1394 fugit.
512 1314 589 1376 ltem
612 1310 760 1378 vitiosum
783 1320 845 1386 est,
870 1332 940 1376 cum
963 1313 1010 1387 id,
1034 1317 1118 1397 quod
1141 1314 1304 1398 inaperta
1327 1312 1440 1377 delicto
1462 1313 1598 1397 positum

276 1411 339 1479 est,
362 1410 467 1469 tamen
489 1405 593 1494 aliqua
614 1406 677 1472 levi
699 1407 815 1490 tegitur
836 1404 1034 1482 defensione,
1056 1409 1120 1470 hoc
1142 1406 1253 1473 modo:

445 1547 517 1610 Cum
539 1555 566 1611 te
587 1549 758 1630 expetebant
779 1569 893 1623 omues,
912 1549 1125 1631 [fermissimo
1608 1559 1636 1598 1⁰

442 1644 544 1724 Repeto
566 1644 688 1726 reliqui·
714 1663 792 1706 nunc
813 1645 959 1706 desertum
980 1645 1016 1708 ab
1038 1643 1173 1706 omnibus

443 1739 566 1802 Summa
582 1739 697 1819 periclo
718 1739 783 1802 sola
802 1747 836 1801 ut
856 1741 1014 1802 restituam
1029 1739 1119 1822 paro'.

274 1888 390 1954 xxvt.
413 1889 493 1952 Item
515 1889 663 1955 vitiosum
686 1897 751 1965 est,
775 1887 861 1976 quod
881 1891 914 1954 in
935 1888 1028 1954 aliam
1050 1895 1187 1973 partem,
1216 1908 1252 1952 ac
1275 1885 1392 1952 dictum
1413 1889 1469 1963 sit,
1497 1895 1601 1974 potest

275 1985 384 2068 accipi.
427 1986 462 2049 ld
493 1992 541 2048 est
569 1984 769 2060 huiusmodi,
804 1992 856 2060 ut,
890 1984 916 2048 si
945 1985 1015 2069 quis
1037 1991 1148 2069 potens
1170 2003 1206 2046 ac
1228 1981 1376 2048 factiosas
1398 1985 1599 2050 incautione

275 2079 406 2144 dixerit:
431 2078 533 2144 Satius
556 2087 603 2144 est
624 2079 671 2146 uti
691 2078 819 2164 regibus
841 2099 934 2166 quam
951 2077 1039 2143 malis
1060 2078 1193 2162 legibus.
1239 2083 1317 2144 Nam
1339 2087 1372 2143 et
1392 2081 1454 2144 hoc
1477 2078 1637 2144 tametsiu

275 2171 321 2236 rei
351 2172 512 2258 angendae
543 2195 635 2240 causa
665 2183 770 2258 potest
798 2175 866 2240 sine
896 2172 1011 2238 malitia
1032 2171 1112 2250 dici,
1150 2183 1256 2240 tamen
1277 2183 1408 2259 propter
1428 2175 1600 2261 potentiam

276 2269 360 2344 eius,
398 2266 453 2353 qui
474 2266 567 2340 dicit,
603 2289 667 2332 non
688 2267 804 2334 dicitur
824 2267 892 2332 sine
914 2269 1012 2332 atroci
1033 2268 1222 2354 suspicione.
1265 2273 1317 2340 lt.
1351 2273 1430 2334 item
1452 2269 1600 2335 vitiosum

275 2370 324 2426 est
343 2360 429 2428 falsis
450 2369 504 2428 aut
524 2360 706 2446 vulgaribus
735 2362 968 2428 definitionibus
997 2363 1054 2427 uti.
1099 2363 1206 2430 Falsas
1236 2373 1308 2431 sunt
1336 2363 1533 2437 huiusmodi,
1566 2370 1603 2426 ut

275 2456 303 2521 si
324 2457 394 2544 quis
415 2456 499 2523 dicat
519 2455 665 2521 iniuriam
689 2477 758 2524 esse
781 2455 912 2532 nullam,
939 2457 998 2522 nisi
1020 2477 1100 2543 quae
1123 2478 1164 2522 ex
1185 2457 1360 2544 pulsatione
1382 2467 1435 2523 aut
1457 2457 1600 2523 convicio
1695 2435 1732 2544 q

276 2559 408 2618 constet.
453 2552 607 2637 vulgares
629 2562 716 2628 sunt,
742 2541 942 2638 quae'nihilo
967 2550 1068 2617 minus
1090 2552 1124 2618 in
1145 2551 1236 2616 aliam
1259 2573 1326 2616 rem
1348 2550 1509 2618 transferri
1528 2567 1639 2638 pos-2⁰

276 2655 365 2722 sunt,
401 2655 436 2713 nt
457 2650 483 2712 si
505 2650 575 2735 quis
597 2649 698 2714 dicat:
737 2647 987 2734 Quadruplntor,
1017 2644 1214 2712 utbreviter
1236 2648 1432 2723 describam,
1462 2645 1601 2731 capitalis

277 2750 341 2818 est;
378 2748 424 2806 est
446 2745 530 2808 enim
552 2741 716 2830 improbus
738 2753 770 2808 et
791 2741 920 2830 pestifer
941 2741 1030 2808 civis.
1075 2745 1152 2806 Nam
1174 2741 1272 2806 nihilo
1294 2741 1394 2826 magis
1415 2739 1603 2828 quadrupla·

277 2835 352 2900 toris
384 2857 477 2922 quam
509 2836 607 2915 faris,
646 2859 740 2925 quam
772 2837 876 2903 sicarii
909 2845 963 2902 aut
996 2837 1168 2920 proditoris
1203 2836 1341 2902 attulerit
1374 2833 1599 2901 definitionem.

276 2933 355 2996 Item
377 2931 525 2998 vitiosum
547 2941 594 2997 est
615 2953 673 3018 pro
694 2941 879 3017 argumento
902 2952 1044 3005 sumere,
1067 2935 1152 3018 quod
1170 2934 1203 2997 in
1225 2929 1444 3018 disquisitione
1466 2933 1600 3016 positum

276 3033 339 3103 est;
361 3026 444 3091 atsi
466 3025 537 3112 quis
559 3047 652 3112 quem
674 3025 750 3092 furti
772 3035 882 3112 arguat
903 3035 934 3091 et
955 3025 1038 3090 dicat
1060 3049 1133 3092 eum
1147 3047 1217 3092 esse
1232 3029 1392 3093 hominem
1407 3023 1638 3110 improbamus

276 3141 421 3198 avarum,
443 3120 694 3201 fraudulentum
718 3125 748 3188 ei
770 3123 817 3188 rei
839 3121 1055 3188 testimonium
1077 3141 1165 3197 esse,
1189 3123 1274 3207 quad
1297 3117 1356 3186 sibi
1378 3117 1497 3184 furtum
1518 3117 1603 3184 fece-

276 3217 328 3280 rit.
373 3218 452 3282 ltem
474 3219 621 3284 vitiosum
644 3226 692 3283 est
711 3214 1189 3284 controversiam'controversia
1204 3212 1391 3289 dissolvere,
1414 3215 1477 3280 hoc
1490 3212 1601 3280 moda:

276 3311 347 3374 Non
370 3313 532 3388 convenit,
557 3332 720 3389 censores,
742 3313 837 3378 istum
858 3312 950 3378 vohis
972 3309 1151 3378 satisfacere
1174 3331 1215 3376 ex
1236 3332 1292 3386 eo,
1315 3312 1401 3397 quod
1422 3307 1465 3374 ait
1486 3329 1520 3374 se
1538 3327 1603 3373 non

276 3408 415 3490 potuisse
437 3405 546 3472 adesse
568 3406 629 3484 ita,
660 3417 696 3475 nt
718 3407 837 3473 iuratus
858 3406 972 3473 fuerat.
1017 3405 1117 3485 Quid,
1154 3404 1181 3470 si
1208 3409 1247 3471 ad
1269 3404 1442 3471 exercitum
1463 3423 1527 3468 non
1548 3422 1602 3468 re-

276 3497 385 3576 nisset,
422 3499 495 3565 idne
519 3500 643 3567 tribuno
665 3500 797 3567 militum
819 3499 956 3566 diceret?
981 3543 1023 3558 -
1060 3501 1129 3565 Hoc
1154 3497 1228 3564 ideo
1256 3498 1403 3565 vitiosum
1426 3507 1490 3576 est,
1527 3496 1639 3585 quiam

276 3613 339 3659 non
370 3595 515 3681 expedita
544 3604 597 3661 aut
623 3595 758 3661 indicata
788 3617 854 3671 res,
892 3595 950 3663 sed
979 3594 1130 3682 impedita
1158 3604 1190 3661 et
1216 3593 1248 3659 in
1270 3594 1365 3660 simili
1385 3592 1602 3661 controversia

276 3688 378 3773 posita
400 3690 536 3776 exempli
557 3690 628 3757 loco
650 3689 820 3777 profertur.
863 3693 914 3758 tn.
936 3694 1014 3757 item
1036 3689 1183 3756 vitiosum
1207 3696 1268 3763 est,
1302 3710 1372 3756 cum
1394 3687 1444 3764 id,
1474 3688 1514 3754 de
1536 3707 1601 3775 qno

277 3802 397 3848 summa
429 3785 645 3851 controversia
677 3793 737 3864 est,
774 3805 886 3872 parum
917 3783 1084 3872 expeditur
1114 3793 1159 3863 et,
1197 3782 1287 3871 quasi
1320 3791 1510 3852 transactam
1542 3781 1600 3859 sit,

276 3876 479 3965 relinquitur,
501 3884 563 3947 trac
583 3879 695 3948 modo:

444 4031 553 4114 Aperte
571 4033 657 4116 [atur
677 4035 782 4109 dictio,
806 4035 835 4100 u'
855 4035 1015 4119 iutellipas.
1074 4099 1077 4111 ,
1611 4041 1638 4083 ³⁵

447 4129 514 4191 Tali
534 4129 604 4192 dari
624 4149 728 4204 arara,
750 4133 866 4214 qualis,
889 4134 942 4216 qui
961 4131 1069 4216 pessit,
1087 4129 1166 4214 suit,

413 4301 417 4312 ¹
444 4222 541 4296 Iubet,
558 4225 657 4305 patiri
677 4226 705 4288 u'
725 4226 895 4290 studeamus
917 4228 1081 4310 Pcraamor

448 4317 542 4396 Quem
563 4338 616 4401 epo
630 4321 775 4402 profiteor
795 4342 857 4385 csse
876 4341 938 4385 mc:
959 4343 1005 4386 nea
1025 4339 1153 4405 acastum
1171 4327 1217 4384 cst
1232 4320 1301 4402 [rui

444 4414 601 4477 fraternis
621 4416 717 4478 armis
737 4417 867 4499 mitique
888 4417 1107 4498 adiudicarier,

450 4507 498 4572 l'cl
518 4509 596 4592 quad
610 4512 800 4593 propinquus
819 4513 866 4576 acl
886 4513 965 4596 quod
984 4514 1093 4576 uirtute
1114 4512 1260 4578 aemulum

347 4763 375 4814 2.
393 4775 485 4829 pacem
504 4767 572 4816 cutm
588 4768 658 4819 tuter
674 4765 719 4820 ΡΑ
738 4774 765 4821 ct
782 4781 849 4821 corr.
863 4769 894 4821 Ρ.
930 4769 964 4820 Ut
981 4783 1040 4828 nos,
1059 4769 1129 4822 nna
1149 4776 1176 4822 ct
1194 4784 1233 4834 pr.
1251 4769 1280 4822 li.
1305 4792 1331 4806 -
1352 4781 1378 4821 rs
1391 4769 1444 4820 BF.
1466 4795 1497 4808 -
1516 4769 1603 4834 conss·

279 4841 343 4885 ruat
360 4835 512 4891 eterna:
540 4843 565 4888 ct
587 4839 727 4902 conseruat
749 4853 808 4891 eum
831 4841 897 4893 cod.
921 4840 993 4902 Ltps.
1011 4841 1043 4890 E.
1075 4866 1105 4878 -
1133 4843 1161 4894 ’1.
1181 4855 1244 4894 nam
1269 4842 1315 4892 boc
1337 4839 1441 4893 sz
1467 4856 1531 4891 anm
1554 4847 1602 4894 aut

280 4908 328 4956 boc
348 4907 403 4956 RE.
423 4903 498 4969 (nam
510 4907 557 4958 froc
569 4907 640 4961 tana
651 4912 765 4977 {scissam
777 4907 820 4976 B.)
840 4935 873 4946 -
891 4913 934 4962 12.
953 4910 1083 4973 periclal.
1101 4918 1128 4966 et
1146 4913 1226 4964 Scin:
1250 4913 1368 4974 periculo
1386 4913 1555 4964 PABFRTB.
1568 4937 1600 4949 -

280 4978 323 5028 1³.
343 4975 389 5042 rit]
414 4985 454 5029 cst
471 4979 528 5030 ΑΤ.
548 4975 609 5042 (om.
624 4991 664 5044 pr.
681 4979 727 5046 A.)
752 5009 786 5018 —
815 4981 858 5034 2³.
879 4981 999 5033 attulerit
1023 4983 1106 5034 Art:
1136 4985 1229 5035 attulit
1252 4982 1353 5034 Pllltll.
1378 4980 1453 5048 (illud
1474 4984 1603 5034 maluerat

280 5045 441 5112 Emesatns.)
461 5073 492 5086 -
518 5049 563 5101 119.
584 5049 651 5113 aare
668 5056 691 5104 u·
709 5051 816 5105 enan:
845 5051 944 5116 Quodsi
962 5053 1039 5104 aas.
1068 5079 1100 5091 -
1126 5053 1169 5106 ³5.
1189 5056 1307 5118 spectac
1325 5051 1362 5119 (td
1382 5062 1437 5116 ost,
1462 5050 1601 5120 Apollinis)

281 5119 313 5172 dc
333 5119 452 5173 Memmtt
470 5123 540 5176 cont.
563 5121 625 5178 Sela.
646 5145 677 5162 ··
697 5125 742 5178 lb.
761 5128 859 5179 uirtute
876 5125 911 5184 P,
931 5125 967 5188 L,
987 5125 1054 5178 sch:
1074 5127 1179 5178 uirtutis
1196 5125 1328 5190 turns,
1344 5125 1474 5178 uirtutum
1491 5125 1524 5178 Τ.
