3720 5840
552 1456 835 1538 lacman
871 1455 1286 1537 §emmonis

734 1674 1113 1747 RHETORICORUM

895 1876 948 1942 Al)

409 2076 1436 2194 00EERENN1UM

702 2347 840 2410 maru
873 2345 1142 2429 quarrnon.

740 2887 891 2950 nmen
915 2885 1115 2950 PRIMUS·

265 3099 291 3162 l.
317 3101 346 3162 1.
379 3077 462 3165 Etsi
483 3097 620 3183 negotiis
641 3096 850 3164 familiaribus
872 3101 1016 3183 impediti
1043 3101 1097 3165 rix
1127 3097 1201 3162 satis
1223 3097 1322 3161 otium
1344 3097 1448 3162 studio
1472 3117 1586 3180 suppe-

266 3195 365 3258 ditare
386 3213 553 3276 possumus
581 3201 613 3258 et
633 3195 665 3258 id
686 3196 807 3278 ipsum,
838 3199 923 3282 quod
945 3197 1037 3260 datur
1059 3195 1133 3270 otii,
1156 3193 1306 3259 libentius
1327 3193 1361 3256 in
1384 3193 1588 3276 philosophia

266 3309 452 3353 consumere
481 3292 720 3367 consuevimus,
751 3299 857 3356 nmen
885 3299 938 3356 tua
969 3312 1044 3366 nos,
1079 3291 1113 3355 C.
1138 3290 1298 3365 Herenni,
1328 3287 1472 3354 voluntas
1501 3308 1588 3351 com·

266 3385 385 3460 movit,
409 3391 444 3447 ut
464 3385 504 3448 de
526 3386 648 3450 ratione
671 3387 795 3450 dicendi
811 3387 1102 3462 conscriberemus,
1125 3406 1166 3450 ne
1190 3391 1244 3448 aut
1264 3391 1319 3447 tua
1340 3404 1434 3447 causa
1447 3380 1586 3447 noluisse

266 3483 320 3541 aut
344 3476 460 3563 fugisse
481 3499 540 3542 nos
562 3480 705 3544 laborem
726 3487 865 3566 putares.
909 3483 950 3545 Et
971 3499 1009 3545 eo
1032 3481 1202 3546 studiosius
1224 3481 1287 3543 boe
1304 3479 1466 3563 negotium
1482 3491 1610 3542 susce-⁵

266 3572 386 3654 pimus,
410 3573 495 3658 quod
516 3581 548 3638 to
569 3595 634 3638 non
656 3577 723 3640 sine
746 3597 840 3659 causa
859 3576 942 3641 velle
964 3597 1156 3661 cognoscere
1179 3573 1369 3640 rhetoricam
1391 3575 1588 3659 intelligeba-

267 3685 346 3727 mus.
375 3659 567 3741 {Nouienim
588 3670 622 3733 in
644 3690 678 3734 se
691 3667 944 3761 parumtiructus
963 3672 1060 3757 babet
1081 3671 1173 3753 copia
1194 3671 1319 3734 dicendi
1334 3677 1367 3734 et
1380 3669 1588 3733 commoditas
1683 3739 1710 3765 l

267 3748 432 3850 orationis)
457 3762 483 3823 si
505 3769 591 3828 recta
611 3765 818 3848 intelligentia
840 3772 872 3828 et
892 3765 1021 3828 delinita
1036 3766 1255 3830 moderatione
1270 3765 1367 3830 animi
1382 3765 1586 3849 gubernetur.

267 3855 352 3931 Quas
373 3858 414 3922 ob
436 3877 488 3923 res
509 3859 581 3934 illa,
618 3880 700 3944 quae
729 3859 840 3924 Graeci
870 3861 1040 3943 scriptores
1061 3862 1163 3924 inanis
1185 3861 1383 3945 arrogantiae
1405 3880 1499 3924 causa
1529 3859 1589 3924 sibi

266 3960 517 4034 assumpserunt,
551 3953 747 4038 reliquimus.
793 3957 873 4017 Nam
901 3951 968 4031 illi,
1005 3975 1045 4020 ne
1074 3976 1186 4038 parum
1208 3957 1306 4020 multa
1326 3957 1422 4020 scisse
1443 3958 1627 4021 siderea-1⁰

265 4051 336 4122 tur,
366 4067 405 4111 ea
425 4047 684 4132 conquisierunt,
719 4069 800 4134 quae
821 4049 901 4113 nibil
922 4050 1113 4127 attinebant,
1151 4058 1187 4114 ut
1207 4071 1258 4115 ars
1280 4048 1440 4115 difficilior
1460 4050 1589 4134 cognitu

266 4147 448 4222 putaretur:
480 4163 540 4209 nos
561 4150 668 4208 autem
695 4165 753 4220 ea,
787 4165 869 4230 quae
899 4143 1087 4208 ridebantur
1108 4145 1148 4210 ad
1169 4146 1324 4210 rationem
1347 4146 1470 4209 dicendi
1493 4146 1590 4227 perti-

266 4253 364 4312 nere,
381 4240 571 4324 sumpsimus
584 4262 593 4318 ;
616 4260 682 4303 non
704 4240 788 4304 enim
810 4260 866 4322 spe
882 4246 1031 4324 quaestus
1046 4245 1101 4306 aut
1114 4240 1214 4325 gloria
1230 4242 1380 4305 commoti
1393 4240 1534 4304 venimus
1549 4241 1589 4304 ad
1644 4281 1647 4289 ·

267 4332 490 4412 scribendum,
514 4331 781 4422 quemadmodum
798 4335 917 4412 ceteri,
940 4335 997 4400 sed
1018 4342 1053 4400 ut
1072 4335 1227 4400 industria
1246 4342 1353 4401 nostra
1373 4342 1445 4401 tuae
1467 4356 1589 4400 morem

337 4595 363 4646 1.
394 4593 428 4646 V.
448 4597 528 4648 ettam
545 4596 578 4650 ds
596 4595 628 4649 1..
649 4597 719 4648 conl.
745 4594 797 4649 dcl.
817 4595 879 4648 seb.
904 4598 991 4649 rnluus
1016 4601 1087 4649 reete
1113 4597 1189 4661 prob.
1208 4595 1286 4648 blnd.
1307 4589 1460 4648 Ἀντῐθεσιν
1477 4598 1590 4660 scriptor

269 4667 399 4730 qnaeslrlt
424 4667 617 4735 lntsroeqotto
635 4673 661 4720 et
678 4670 770 4718 ortua
790 4691 822 4704 -
852 4670 940 4719 stadio
965 4683 1017 4719 om.
1046 4681 1086 4732 pr.
1113 4671 1147 4720 A.
1174 4669 1257 4721 Palas.
1285 4675 1395 4732 quartus
1421 4667 1536 4719 Gruterl.
1557 4693 1586 4705 -

267 4737 295 4787 t.
313 4738 427 4789 solome
446 4743 493 4788 eat
510 4737 608 4805 {opusc
624 4751 674 4789 aas
691 4737 846 4789 nabsan:
865 4740 981 4790 notasse
998 4752 1048 4790 nos
1064 4746 1114 4790 cat
1130 4741 1228 4807 [apim
1247 4740 1277 4791 ll.
1299 4763 1331 4776 -
1354 4739 1382 4790 7.
1400 4739 1431 4786 ln
1448 4750 1475 4788 ss
1491 4751 1589 4800 pamm

267 4805 355 4858 rea:
370 4821 471 4873 parum
487 4811 517 4860 ta
533 4823 558 4861 sc
576 4809 677 4860 AFTE.
698 4835 727 4846 -—
747 4809 826 4858 babet
842 4811 944 4874 metus
961 4809 1038 4861 ΛΠ.
1057 4835 1092 4845 -
1121 4812 1149 4863 8.
1172 4813 1353 4863 moderatione
1371 4811 1456 4860 enims·
1479 4808 1586 4858 PFRT:

269 4881 352 4929 enirm
367 4879 550 4932 moderatione
567 4879 646 4932 sne.
667 4877 776 4945 (Omnes
795 4883 878 4930 nostrl
896 4886 1002 4932 cenent
1019 4893 1043 4932 r.
1059 4882 1186 4948 definito.
1206 4882 1278 4947 quod
1296 4881 1483 4946 aquibusdam
1495 4880 1588 4932 abesse

267 4953 380 5001 testatur
397 4947 440 5018 1..)
461 4975 492 4989 -
523 4953 566 5002 10.
586 4948 867 5017 assumpsersbl'llT.
886 4975 920 4986 -
953 4951 996 5001 le.
1016 4959 1177 5005 salomom.
1196 4953 1240 5004 FT
1259 4960 1286 5006 et
1304 4965 1343 5016 pr.
1362 4953 1396 5006 A.
1418 4977 1446 4990 -
1480 4949 1522 5001 13.
1547 4963 1589 5002 aa·

268 5023 426 5086 sumpstmaa
444 5021 483 5086 a,
502 5029 533 5074 ut
551 5022 624 5074 dedit
641 5023 671 5073 l..
700 5045 732 5059 -
762 5022 863 5088 qlortoc
880 5021 920 5082 ll,
944 5022 1016 5086 quod
1036 5036 1066 5075 er
1085 5025 1144 5076 allls
1163 5025 1239 5090 prob.
1260 5023 1383 5076 Oudend.
1404 5026 1507 5085 receplt
1524 5021 1586 5074 Seb-

269 5089 322 5146 διὰ
340 5093 429 5160 glorta
446 5095 473 5144 b.
493 5094 511 5148 l.
531 5101 570 5150 est
586 5093 813 5162 glortsestadto,
833 5091 958 5160 gloriola.
979 5117 1009 5134 -·
1029 5097 1157 5149 commorit
1176 5095 1239 5149 lim.
1263 5107 1370 5162 operae.

326 5199 398 5246 vicere
410 5200 464 5249 ’1.1.
1199 5203 1218 5276 1
