3720 5840
320 397 366 462 sa
823 359 880 459 'ao
902 394 1138 462 sensurum

322 554 493 624 studiosius
514 551 666 620 occidisti.
712 550 821 631 Quid?
843 573 913 622 cum
935 553 993 619 tibi
1013 554 1105 640 pueri
1125 552 1165 620 ad
1186 551 1283 641 pedes
1297 553 1532 633 volutarentur,
1555 556 1649 624 mise·

320 649 459 718 ricordia
479 657 583 718 motus
604 653 659 714 es?
681 648 721 714 At
741 667 853 714 eorum
875 655 994 734 patrem
1017 647 1232 715 crudelissime
1254 650 1414 736 sepultura
1433 671 1559 738 quoquo
1574 673 1647 738 pro·

321 745 462 813 hibuisti.
506 747 558 810 aa.
579 743 711 811 blultum
737 743 819 809 inest
846 743 1035 809 acrimoniae
1058 743 1270 828 etgravitatis
1292 744 1324 809 in
1345 746 1404 810 bac
1425 751 1646 823 exornatione,

321 849 490 927 propterea
511 837 611 925 quud,
645 859 716 904 cum
744 842 919 924 quaesilum
947 845 1012 912 est,
1050 837 1126 923 qnid
1147 847 1308 924 oporteat,
1343 837 1509 907 subiicitur
1529 841 1563 906 id
1583 862 1647 907 non

283 951 389 1002 :sesse
410 935 539 1002 lactum.
586 935 693 1011 Quare
713 931 859 998 facillime
880 931 929 1007 Iit,
962 938 998 995 ut
1026 942 1219 1017 exaugeatur
1242 933 1408 1020 indignitas
1429 936 1557 1020 negotii.
1599 939 1647 1002 Ex

321 1029 432 1098 eodem
454 1049 586 1114 genere,
609 1038 644 1093 ut
665 1026 706 1095 ad
726 1034 867 1092 nostram
888 1044 1016 1112 quoque
1037 1046 1206 1112 personam
1219 1029 1391 1096 reseramus
1406 1030 1644 1106 subiectionem,

318 1125 380 1194 sic:
417 1127 495 1190 Nam
524 1122 600 1211 qnid
628 1143 679 1188 me
704 1120 809 1187 lacere
831 1124 991 1195 convenil,
1029 1141 1100 1187 cnm
1122 1142 1140 1186 a
1162 1131 1245 1190 tanta
1268 1124 1427 1190 Gallorum
1449 1125 1646 1191 multitudine

319 1221 589 1288 circumsederer‘l
626 1225 674 1284 An
696 1217 899 1282 dimicarem‘l
934 1220 975 1280 At
1002 1235 1074 1281 eum
1101 1236 1200 1303 parra
1222 1239 1316 1286 manu
1337 1229 1402 1286 tum
1424 1218 1643 1305 prodiremus,

317 1314 423 1382 locum
445 1335 572 1401 quoque
593 1310 843 1377 inimicissimum
863 1308 1066 1376 habebamus.
1112 1311 1261 1378 Sederem
1283 1311 1317 1379 in
1337 1313 1469 1379 castris?
1491 1320 1531 1379 At
1543 1335 1646 1401 neque

280 1427 309 1472 10
319 1411 507 1486 subsidium,
530 1405 616 1496 quod
638 1415 870 1491 exspectarem,
893 1403 1083 1472 habebamus
1105 1428 1207 1493 neque
1229 1414 1313 1484 erat,
1338 1407 1392 1495 qui
1411 1409 1506 1474 vitam
1528 1408 1646 1494 produ·
1765 1445 1768 1455 ·

318 1526 473 1573 ceremus.
519 1506 627 1570 Castra
652 1500 884 1585 relinquerem:
921 1505 960 1566 At
986 1499 1221 1568 obsidebamur.
1267 1502 1371 1570 Vitem
1392 1503 1526 1569 militum
1548 1503 1646 1590 negli-

318 1605 447 1689 gerem‘l
469 1603 509 1665 At
531 1618 587 1664 eos
608 1593 738 1663 videbar
760 1616 796 1660 ea
819 1592 976 1682 accepisse
990 1594 1192 1673 condicione,
1217 1605 1253 1662 ut
1270 1594 1367 1681 lecal,
1391 1596 1495 1685 quoad
1508 1618 1645 1683 possem,

316 1697 490 1764 incolumes
509 1692 630 1779 patriae
651 1699 683 1756 et
704 1688 885 1776 parentibus
907 1711 1139 1762 conservarem.
1183 1691 1328 1757 Hostium
1354 1691 1572 1758 condicionem
1593 1714 1645 1758 re·

316 1791 501 1879 pudiareml
523 1790 564 1851 At
585 1785 667 1852 salus
689 1785 849 1871 antiquior
863 1792 911 1850 est
925 1785 1058 1852 militum
1074 1808 1167 1873 quam
1181 1785 1487 1872 impedimentorum.
1531 1787 1646 1853 IIuius·

278 1885 403 1953 asmodi
417 1890 652 1969 consequuntur
665 1877 836 1945 identidem
851 1877 1079 1957 subiectiones,
1102 1891 1137 1947 nt
1148 1903 1189 1946 ex
1199 1879 1346 1948 omnihus
1361 1879 1484 1948 ostendi
1499 1879 1645 1948 videatur

317 1981 396 2052 nibil
418 1979 522 2067 potius
544 1995 657 2063 quanm
681 1973 767 2060 quod
788 1974 903 2040 Iactum
925 1974 982 2051 sit,
1006 1975 1182 2042 laciendum
1204 1974 1310 2042 luisse.

399 2075 500 2142 XXV.
536 2070 683 2138 Gradatio
713 2075 780 2146 est,
816 2070 850 2135 in
877 2090 940 2156 qua
967 2090 1032 2136 non
1061 2077 1133 2136 ante
1156 2073 1195 2136 ad
1217 2091 1413 2156 consequens
1434 2074 1568 2137 verbnm
1590 2075 1645 2138 de-

315 2168 494 2243 scenditur,
532 2187 625 2253 quam
656 2166 696 2228 ad
719 2165 863 2249 superius
885 2186 1092 2230 conscensum
1115 2173 1184 2241 est,
1218 2165 1279 2231 hoo
1301 2169 1414 2233 modo:
1451 2171 1531 2233 Nam
1563 2188 1644 2254 quae

314 2265 436 2352 reliqua
457 2283 529 2350 spes
551 2268 658 2326 manet
677 2259 851 2335 libertatis,
876 2261 902 2323 si
924 2258 985 2324 illis
1008 2268 1040 2324 et
1061 2264 1146 2347 quod
1167 2258 1264 2337 libet,
1286 2260 1379 2338 licet,
1404 2269 1435 2326 et
1448 2265 1535 2349 quod
1557 2263 1641 2336 licet,

276 2374 305 2422 ro
314 2365 463 2447 possunt,
494 2363 527 2421 et
547 2357 632 2442 quod
654 2361 803 2439 possunt,
828 2356 966 2430 audent,
1001 2363 1033 2419 et
1053 2359 1138 2441 quod
1160 2359 1295 2432 audent,
1328 2355 1464 2431 iaciunt,
1498 2365 1530 2420 et
1558 2359 1644 2443 quod

313 2453 453 2529 iaciunt,
476 2452 568 2517 robis
591 2451 759 2516 molestum
780 2470 845 2524 uon
867 2453 935 2512 est?
973 2451 1070 2514 Item:
1096 2455 1166 2516 Non
1187 2453 1271 2515 sensi
1293 2453 1375 2528 boc,
1400 2458 1433 2516 et
1453 2472 1517 2518 non
1538 2454 1643 2530 suasi;

313 2570 418 2635 neque
439 2547 545 2624 suasi,
579 2553 612 2610 et
639 2565 704 2610 non
733 2543 802 2629 ipse
823 2545 928 2608 statim
948 2542 1054 2609 iacere
1077 2548 1186 2632 coepi;
1220 2566 1323 2632 neque
1344 2545 1448 2612 Iacere
1470 2548 1580 2632 coepi,
1612 2553 1644 2610 et

313 2665 377 2709 non
398 2639 540 2729 perleei;
564 2659 667 2726 neque
688 2637 826 2724 perleui,
850 2645 883 2702 et
903 2659 969 2702 nou
989 2642 1134 2722 probavi.
1179 2642 1280 2706 Item:
1317 2642 1465 2706 Africano
1490 2643 1642 2706 industria

313 2741 484 2812 virtutem,
508 2737 608 2802 virtus
631 2734 780 2817 gloriam,
814 2734 917 2816 gloria
938 2733 1079 2798 aemulos
1101 2738 1303 2821 comparavit.
1349 2739 1447 2801 Item:
1472 2735 1643 2821 Imperium

276 2834 464 2900 asGraeciae
493 2828 553 2894 init
578 2848 675 2914 penes
704 2828 933 2903 AthenienseS,
970 2829 1210 2896 Atheniensium
1236 2831 1327 2916 potiti
1357 2839 1428 2896 sunt
1456 2833 1640 2916 Spartiatae,

315 2929 486 3014 Spartiatae
507 2944 698 3009 superavere
720 2919 880 2995 Thebani,
913 2923 1080 2987 Thebanos
1109 2927 1297 2990 Macedones
1325 2927 1481 3000 vicerunt,
1519 2928 1573 3013 qui
1603 2927 1643 2990 ad

313 3025 483 3110 Mperium
517 3019 666 3086 Graeciae
696 3017 787 3081 brevi
818 3023 960 3101 tempore
988 3018 1201 3085 adiunxerunt
1233 3022 1337 3085 Asiam
1359 3019 1445 3085 bello
1467 3024 1640 3086 subactam.

316 3121 368 3184 35.
402 3120 506 3182 IIabet
526 3117 560 3179 in
582 3136 616 3178 se
639 3113 795 3199 quendam
817 3113 957 3197 leporem
980 3115 1152 3197 superioris
1174 3117 1326 3202 cuiusque
1356 3117 1469 3180 crebra
1496 3117 1643 3202 repetitio

313 3210 425 3290 verbi,
450 3231 531 3298 qnae
552 3208 682 3294 propria
704 3215 751 3270 est
771 3206 865 3270 buius
887 3210 1113 3274 exornationis.
1146 3253 1148 3258 -

277 3331 304 3372 aa
397 3305 545 3370 Definitio
568 3311 638 3379 est,
662 3322 742 3388 qnae
764 3302 812 3366 rei
834 3300 965 3366 alicuius
986 3306 1131 3390 proprias
1153 3307 1354 3393 amplectitur
1373 3311 1546 3391 potestates
1568 3307 1641 3384 bre·

313 3403 396 3470 viter
416 3408 448 3465 et
470 3401 628 3474 absolute,
650 3398 713 3462 hoe
734 3399 845 3462 modo:
870 3399 1015 3462 Maiestas
1037 3401 1083 3464 rei
1107 3401 1251 3485 publicae
1274 3412 1338 3476 est,
1360 3401 1393 3464 in
1415 3421 1477 3486 qua
1500 3403 1642 3468 contine·

313 3504 366 3560 tur
387 3496 521 3580 dIgnitas
543 3501 575 3558 et
595 3491 768 3578 amplitudo
792 3493 936 3556 civitatis.
981 3494 1079 3556 Item:
1114 3497 1250 3561 Iniuriae
1274 3502 1365 3571 sunt,
1397 3516 1477 3581 quae
1499 3503 1553 3560 aut
1574 3498 1643 3581 pul·

315 3592 435 3656 satione
458 3608 572 3674 corpus
594 3596 648 3652 aut
669 3588 812 3653 convicio
836 3606 926 3651 aures
947 3595 1002 3652 aut
1022 3589 1128 3674 aliqua
1149 3593 1342 3677 turpitudine
1357 3593 1453 3656 vitam
1469 3593 1641 3677 cuiuspiam

313 3685 444 3752 violant.
488 3689 584 3749 Item:
609 3686 679 3747 Non
702 3689 749 3747 est
768 3684 827 3746 ista
843 3683 1021 3766 diligentia,
1046 3687 1101 3748 sed
1117 3688 1267 3763 avaritia,
1292 3689 1366 3752 ideo
1381 3685 1465 3772 quod
1481 3687 1644 3771 diligenda

277 3803 304 3847 as
316 3791 363 3848 est
384 3788 530 3847 accurata
551 3780 748 3844 conservatio
771 3799 918 3852 suorum,
943 3779 1091 3854 avaritia,
1113 3781 1265 3845 iniuriosa
1285 3783 1437 3866 appetitio
1453 3783 1638 3847 alienorum.

314 3880 414 3943 Item:
452 3879 523 3940 Non
545 3882 592 3938 est
613 3875 673 3938 ista
694 3871 863 3947 tortitudo,
896 3875 952 3938 sed
975 3873 1156 3952 temeritas,
1190 3885 1355 3961 propterea
1384 3878 1468 3962 quod
1491 3876 1641 3941 lortitudo

316 3980 363 4038 est
383 3971 576 4055 contemptio
598 3967 717 4034 laboris
739 3974 771 4030 et
791 3967 923 4052 periculi
945 3990 1016 4033 cum
1039 3971 1161 4034 ratione
1182 3971 1323 4036 utilitatis
1339 3979 1371 4035 et
1384 3972 1641 4055 compensatione

317 4069 575 4139 commodorum,
621 4063 780 4127 temeritas
814 4071 861 4126 est
893 4084 964 4127 cnm
998 4065 1228 4130 inconsiderata
1260 4065 1404 4130 laborum
1438 4065 1641 4151 perpessione

316 4161 500 4246 gladiatoria
522 4159 733 4246 periculorum
755 4158 922 4242 susceptIo.
968 4160 1054 4223 Haec
1077 4160 1147 4223 ideo
1171 4161 1336 4225 commoda
1359 4166 1485 4246 putatur
1507 4179 1640 4225 exorna-

279 4258 380 4330 sotio,
409 4259 493 4342 quod
516 4275 641 4320 omnem
664 4255 709 4318 rei
732 4253 904 4337 cuiuspiam
926 4253 988 4315 vim
1012 4260 1044 4316 et
1064 4261 1250 4336 potestatem
1271 4255 1314 4318 ita
1336 4254 1471 4320 dilucide
1493 4258 1642 4342 proponit

277 4381 281 4394 ·
317 4360 347 4416 et
370 4352 526 4428 breviter,
561 4358 595 4413 ut
622 4370 725 4435 neque
755 4347 896 4432 pluribus
928 4347 1034 4434 verbis
1063 4349 1240 4432 oportuisse
1270 4349 1332 4413 dici
1361 4351 1505 4416 videatur
1538 4371 1640 4437 neque

316 4446 451 4511 lucidius
473 4447 613 4532 potuisse
635 4445 696 4508 dici
719 4450 856 4529 putetur.

400 4542 515 4607 XXVI.
540 4541 695 4610 Transitio
716 4544 869 4610 vocatur,
891 4553 972 4621 quae
995 4554 1066 4600 eum
1089 4539 1224 4604 ostendit
1246 4539 1401 4617 breviter,
1424 4541 1499 4629 quid
1522 4541 1640 4608 dictum

389 4791 432 4842 12·
451 4789 486 4840 At
504 4801 546 4838 eor
564 4785 674 4837 uidebor
692 4800 723 4837 eu
741 4787 870 4848 occepisse
889 4785 1058 4847 condicione,
1079 4791 1109 4837 ut
1128 4799 1182 4846 eos,
1203 4785 1291 4849 quood
1304 4785 1454 4839 PABFRT:
1472 4787 1507 4838 At
1519 4801 1552 4838 ea
1570 4789 1640 4840 uide-

318 4863 368 4915 bor
386 4875 428 4913 eor
447 4863 576 4922 caepim
594 4859 760 4914 condicione,
790 4863 833 4918 ut,
862 4859 950 4922 puoud
970 4857 999 4906 Il.
1036 4860 1155 4911 Alterum
1174 4870 1218 4905 eos
1236 4859 1400 4910 seclusimus.
1423 4881 1451 4896 -·
1477 4859 1520 4910 16.
1538 4859 1641 4922 {odun-

319 4934 381 4985 dum
397 4933 478 4990 PAI,
498 4930 528 4980 L.
559 4952 590 4964 -
623 4929 665 4980 18.
686 4941 820 4979 meantum
839 4927 877 4988 n,
896 4928 926 4978 I..
953 4929 1016 4981 Sub.
1044 4953 1073 4967 -
1103 4927 1147 4978 ³8.
1169 4927 1298 4994 tuborum]
1325 4930 1443 4979 dotorum
1469 4928 1514 4981 nn
1540 4933 1639 4994 ultique

318 5004 394 5070 prob.
415 5003 487 5054 Oud.
519 5025 548 5040 -
577 5001 622 5050 ut.
643 5001 752 5050 breuiter
772 4999 858 5048 PFIIT
878 5005 904 5050 et
924 5013 963 5060 pr.
977 5002 1014 5049 A:
1040 4998 1154 5063 replicat
1172 4999 1283 5051 breuiter
1300 5002 1321 5052 b
1340 5007 1367 5052 et
1384 5013 1450 5052 corr.
1468 5002 1507 5064 A,
1526 5000 1640 5054 breuiter

319 5075 437 5139 replicet
459 5072 491 5125 E.
513 5097 543 5112 ·-
563 5069 609 5120 42.
629 5070 752 5134 lucidius]
770 5070 872 5122 brevius
888 5069 1001 5121 rusus
1020 5071 1129 5134 ultique.
