3746 5850
799 1119 834 1162 ts
849 1099 908 1184 βξ
940 1105 977 1164 J=

873 1216 887 1254 7.

508 1345 510 1349 ’
555 1347 628 1428 Μ.
654 1343 892 1427 mutam
924 1343 1283 1428 CICERONIS

465 1603 1354 1716 mttPch.

793 1917 1034 1936 Μ

251 2187 277 2252 Ι.
304 2189 333 2252 l.
365 2164 519 2253 Maiores
550 2204 609 2249 nos
641 2204 694 2251 res
724 2181 865 2250 scribere
891 2180 1068 2268 ingressos,
1103 2181 1139 2247 C.
1163 2175 1309 2254 Trebati,
1347 2186 1380 2245 et
1405 2177 1444 2245 iis
1470 2177 1573 2258 libris,

251 2300 331 2367 quos
352 2279 442 2346 brevi
463 2288 609 2364 tempore
631 2278 708 2345 satis
730 2278 845 2344 multos
867 2277 1039 2353 edidimus,
1064 2273 1224 2361 digniores
1246 2295 1375 2341 eaursu
1394 2276 1465 2359 ipso
1480 2295 1577 2342 revo-

252 2373 334 2440 cavit
354 2376 500 2441 voluntas
523 2381 587 2439 tua.
638 2374 716 2439 Cum
739 2373 823 2439 enim
846 2391 970 2437 mecum
992 2370 1026 2436 in
1047 2370 1224 2436 Tusculano
1247 2389 1332 2434 esses
1354 2376 1386 2434 et
1406 2369 1440 2433 in
1460 2366 1577 2435 biblio-

251 2472 343 2534 theca
358 2468 525 2554 separatim
548 2476 681 2556 uterque
703 2470 846 2532 nostrdm
868 2466 908 2532 ad
929 2485 1022 2531 suum
1043 2462 1180 2530 stadium
1202 2460 1349 2539 libellos,
1371 2482 1452 2550 quos
1468 2463 1574 2541 vellet,

253 2561 429 2639 evolveret,
463 2560 601 2627 incidisti
629 2564 663 2627 in
692 2559 869 2627 Aristotelis
898 2559 1017 2646 Topica
1046 2556 1217 2646 quaedem,
1252 2577 1331 2644 quae
1359 2565 1433 2622 sunt
1457 2557 1601 2623 abillae

251 2656 396 2740 pluribus
426 2653 515 2722 libris
544 2653 711 2742 explicata.
757 2656 828 2732 Qua
856 2655 1060 2741 inscriptione
1090 2659 1268 2718 commotus
1298 2650 1447 2717 continuo
1477 2673 1495 2718 a
1525 2671 1578 2719 me

251 2749 404 2816 librorum
419 2769 531 2816 eorum
545 2749 732 2814 sententiam
754 2750 935 2836 requisisti3
959 2751 991 2813 2.
1013 2767 1149 2833 cumque
1172 2745 1228 2812 tibi
1249 2746 1465 2832 exposuissem
1481 2747 1575 2813 disci-

140 2897 146 2912 .
247 2843 370 2940 plinam
407 2841 668 2911 inveniendorum
702 2851 979 2929 argumentorum,
1002 2841 1154 2910 lut'tsine
1186 2843 1253 2905 ullo
1286 2859 1399 2906 erroro
1418 2839 1473 2920 (ad
1505 2862 1575 2909 eam

222 2941 376 3004 tratione
399 2949 431 3004 et
452 2939 503 3004 via
523 2937 760 3025 perveniremus
781 2940 821 3003 ab
843 2935 1010 3003 Aristotele
1031 2935 1177 3021 inventa}
1214 2934 1275 3001 illis
1297 2933 1388 3000 libris
1408 2937 1575 3013 contineri,
1654 2957 1716 3002 ax

253 3036 432 3098 verecunde
453 3038 488 3097 tu
510 3035 636 3118 quidem
658 3040 694 3098 ut
715 3033 835 3107 omnia,
859 3031 915 3098 sed
937 3042 1042 3097 tamen
1062 3029 1155 3098 facile
1177 3039 1211 3096 ut
1232 3050 1396 3096 cernerem
1419 3037 1449 3096 te
1465 3035 1617 3098 arderem

254 3126 374 3202 studio,
397 3148 539 3203 mecum,
561 3138 598 3194 ut
617 3127 676 3194 tibi
699 3125 773 3213 [illa]
797 3130 971 3202 traderem,
1001 3124 1105 3211 egisti.
1150 3125 1228 3191 Cum
1250 3134 1355 3191 autem
1377 3143 1437 3210 ego
1460 3133 1490 3192 te
1513 3147 1579 3193 non

254 3230 316 3287 tem
337 3223 454 3289 vitandi
475 3223 594 3289 laboris
616 3225 678 3290 mei
700 3244 811 3300 causa,
844 3243 938 3310 quam
967 3223 1040 3310 quia
1068 3229 1122 3285 tua
1150 3221 1183 3286 id
1210 3221 1363 3285 iuteresse
1392 3220 1576 3300 arbitrarer,

252 3320 303 3387 vel
324 3326 360 3384 nt
381 3339 436 3385 eos
457 3326 568 3405 perte
589 3317 658 3404 ipse
680 3322 805 3403 legeres
828 3319 879 3382 vel
899 3325 936 3382 ut
957 3323 1054 3382 totam
1078 3318 1233 3382 rationem
1256 3337 1276 3383 a
1296 3315 1479 3383 doctissimo
1501 3337 1580 3404 quo·

253 3415 325 3480 dam
347 3417 475 3480 rhetore
497 3412 672 3496 acciperes,
694 3416 838 3478 hortatus
861 3431 981 3488 essem,
1015 3419 1203 3495 utrumque,
1225 3416 1262 3474 ut
1283 3429 1324 3474 ex
1346 3418 1377 3475 te
1399 3408 1576 3489 audiebam,

255 3529 288 3573 es
318 3515 480 3594 expertus.
502 3585 507 3593 Ι
526 3510 558 3571 3.
589 3505 652 3572 Sed
682 3525 699 3571 a
721 3506 810 3572 libris
839 3513 869 3570 te
897 3507 1071 3569 obscuritas
1092 3505 1213 3569 reiecit.
1258 3502 1379 3569 llbetor
1400 3511 1505 3571 autem
1525 3504 1616 3573 illest

254 3619 384 3685 magnus
407 3602 505 3676 baec,
533 3608 568 3665 ut
588 3603 721 3686 opinor,
744 3599 925 3666 Aristotelia
948 3619 982 3664 se
1004 3601 1151 3683 ignorare
1173 3597 1349 3684 respondit.
1395 3599 1490 3676 Quod
1511 3599 1581 3685 qui-

255 3698 327 3759 dem
350 3693 476 3758 minime
498 3714 567 3759 sum
590 3697 759 3760 admiratus
777 3715 849 3759 eum
863 3692 1088 3781 philosophum
1103 3693 1226 3758 rhetori
1239 3711 1304 3757 non
1320 3713 1389 3758 esse
1404 3694 1578 3776 cognitum,

256 3787 311 3872 qui
332 3785 370 3852 ab
392 3788 469 3874 ipsis
490 3787 689 3872 pbilosophis
718 3795 843 3873 praeter
872 3788 1041 3852 admodum
1062 3805 1179 3872 paucos
1200 3788 1412 3872 ignoraretur.
1456 3787 1579 3863 Quibus

257 3903 296 3947 eo
326 3880 430 3946 minus
459 3881 683 3966 ignoscendum
712 3890 773 3955 est,
806 3883 892 3968 quod
920 3902 985 3946 non
1012 3883 1109 3946 modo
1137 3883 1234 3946 rebus
1265 3880 1322 3955 iis,
1357 3899 1437 3966 quac
1459 3881 1499 3944 ab
1523 3878 1577 3945 illo

257 3972 359 4039 dictae
382 3983 414 4040 et
434 3977 578 4041 inventae
600 3981 690 4053 sunt,
714 3975 797 4040 allici
819 3975 1015 4052 debuerant,
1039 3977 1096 4040 sed
1119 3972 1243 4040 dicendi
1260 3993 1387 4061 quoque
1401 3969 1617 4041 incredibilior

258 4067 393 4154 quadam
407 4088 478 4135 cum
494 4073 602 4156 copia,
626 4077 692 4135 tam
708 4069 801 4136 etiam
817 4071 983 4138 suavitate.
1029 4070 1060 4135 i.
1082 4073 1152 4135 Non
1167 4068 1257 4153 potui
1271 4070 1369 4154 igitur
1381 4067 1440 4133 tibi
1455 4067 1579 4152 saepias

257 4166 318 4229 boc
339 4163 462 4248 roganti
483 4172 514 4230 et
534 4173 639 4231 tamen
660 4167 802 4241 verenti,
836 4186 882 4231 no
899 4164 975 4230 mibi
1004 4165 1106 4249 gravis
1134 4183 1284 4230 esses-
1308 4161 1401 4229 facile
1431 4163 1516 4228 enim
1545 4162 1579 4228 id

258 4255 424 4324 cernebam
432 4293 485 4336 -,
509 4260 627 4326 debere
640 4259 772 4338 diutius,
796 4282 836 4327 ne
850 4262 911 4348 ipsi
926 4259 1002 4327 iaris
1015 4258 1178 4345 interpreti
1191 4257 1260 4324 lieri
1273 4256 1435 4326 videretur
1448 4258 1574 4323 iniuria.

257 4355 381 4419 Etenim
404 4373 475 4418 cum
496 4359 530 4420 tu
550 4353 628 4420 mibi
649 4355 790 4442 meisque
818 4357 917 4420 multa
936 4374 1032 4438 saepe
1052 4353 1248 4443 scripsisses,
1275 4353 1392 4420 veritus
1418 4372 1503 4428 sum,
1525 4371 1578 4431 ne,

326 4567 354 4617 ’1.
374 4566 775 4631 titrerameoramebcde,
802 4570 890 4629 Velle,
912 4569 974 4620 bv:
1002 4581 1092 4620 sortem
1109 4569 1237 4621 librorum
1256 4569 1311 4622 ΝΕ.
1337 4591 1372 4608 -
1400 4581 1510 4634 eumque
1532 4570 1581 4622 ttltt

259 4637 323 4688 det
344 4649 424 4701 paam
442 4638 491 4690 te'te'
508 4650 567 4689 cam
584 4639 647 4696 ns,
667 4653 748 4705 paam
765 4655 822 4691 eam
839 4641 888 4692 tttt
905 4639 985 4700 ebt,
1004 4639 1061 4690 BV.
1086 4666 1119 4678 -
1138 4640 1164 4691 9.
1183 4642 1291 4692 tattone
1307 4644 1332 4690 et
1348 4643 1396 4690 ota
1413 4638 1534 4690 Lambtnt
1553 4645 1580 4693 et

258 4709 344 4760 Urttnt
373 4711 442 4758 eant.
470 4709 572 4760 demetr
600 4711 761 4762 euoemtor
793 4714 924 4762 rattonem
948 4713 994 4760 uta
1012 4723 1073 4760 rum
1093 4711 1177 4762 codd.
1198 4714 1294 4764 aottrtt
1314 4711 1344 4763 ll·
1372 4730 1412 4748 -·
1432 4711 1487 4762 utu
1505 4710 1580 4764 utne

259 4777 415 4832 abcdet:
435 4778 509 4828 torte
526 4780 581 4829 tttte
599 4781 654 4832 ΝΕ.
677 4806 705 4820 -
739 4781 782 4832 te.
801 4782 922 4844 [adleta
941 4781 1099 4833 bedefet
1117 4795 1185 4833 corr.
1205 4796 1239 4834 et
1259 4789 1290 4834 at
1308 4781 1388 4845 faetta
1407 4781 1427 4832 ll
1447 4788 1474 4832 et
1491 4793 1531 4844 pr.
1552 4797 1578 4835 t.

259 4853 303 4901 tt.
322 4849 372 4900 illa
390 4849 522 4900 traderem
540 4851 555 4899 d
572 4852 625 4902 el:
652 4852 728 4902 litam
746 4850 878 4902 traderem
896 4851 957 4912 its,
988 4851 1122 4903 traderem
1139 4853 1187 4904 e'lla
1211 4853 1268 4912 bc,
1297 4854 1429 4903 traderem
1447 4865 1500 4903 om·
1519 4853 1579 4910 illa,

261 4921 333 4983 quod
353 4932 400 4970 aas
418 4920 591 4979 seeluttmus,
609 4934 635 4972 t.
649 4947 682 4956 -
700 4921 743 4972 ts.
757 4935 839 4986 paam
855 4924 918 4987 eata
936 4931 985 4973 tea
1002 4923 1031 4972 ta
1049 4923 1101 4974 tt:
1123 4937 1204 4990 paam
1217 4925 1288 4989 quod
1298 4925 1327 4974 ta
1340 4931 1386 4974 tue
1398 4936 1458 4975 cum
1472 4923 1579 4976 Grutert
1625 4951 1643 4986 5

261 4991 356 5116 cotila
366 4991 514 5113 E'wlflwm
539 4994 601 5057 pata
618 4991 649 5042 te
665 4999 713 5044 tua
732 4993 781 5044 de.
809 5015 844 5032 -
873 4992 917 5045 tt.
937 4993 1128 5046 Aristotelt'ab
1151 5001 1178 5047 et
1197 4994 1264 5046 Get
1292 4995 1461 5049 aristotelica
1479 4995 1500 5049 ll
1520 5008 1580 5049 eum

261 5074 291 5114 ce
320 5076 333 5113 r
375 5074 392 5112 n
460 5075 482 5112 s.
