3746 5850
98 1011 186 1093 Μ’ζι

314 443 376 510 bid
716 447 948 515 ORATORIAE
969 448 1235 520 PAR'l'lTlONES

308 605 453 673 bomines
480 605 562 675 bene
586 606 743 674 institutos
770 609 942 694 plurimum
968 612 1009 676 da
1037 611 1130 680 laude
1158 622 1191 679 et
1217 616 1257 680 de
1282 618 1446 683 honestate
1467 617 1633 696 dicemus,

309 703 508 789 maximeque
530 723 568 769 ea
588 702 739 770 virtutum
762 725 878 789 genera
899 703 1118 786 tractabimus,
1141 729 1221 795 quae
1243 709 1275 776 in
1297 714 1455 778 communi
1470 712 1632 780 bominum

310 795 443 862 utilitate
463 800 580 863 tuenda
603 797 808 885 augendaque
829 808 1002 865 versantur.
1048 801 1103 868 Sin
1132 805 1216 890 apud
1242 803 1387 870 indoctos
1408 807 1633 896 imperitosque

311 889 469 971 dicemus,
492 892 628 969 fructus,
651 895 878 970 emolumenta,
908 896 1084 981 voluptates
1105 897 1333 986 vitationesque
1356 900 1502 966 dolorum
1523 902 1631 990 prole·

288 996 434 1067 arantur3
466 987 620 1080 add-antur
648 989 741 1054 etiam
768 987 972 1055 contumeliae
994 999 1088 1078 atque
1108 991 1311 1078 ignominiae.
1356 997 1457 1061 Nemo
1479 1003 1527 1061 est
1548 999 1632 1062 enim

267 1083 273 1170 j'
309 1093 374 1147 tam
396 1085 545 1170 agrestis,
563 1077 668 1171 (quern
690 1105 771 1161 non,
803 1084 830 1149 si
851 1086 862 1148 i
885 1104 918 1150 sa
947 1083 1049 1150 miuus
1071 1086 1235 1167 honestas,
1266 1093 1455 1156 contumelia
1476 1098 1581 1157 tamen
1603 1100 1634 1157 et

270 1176 280 1217 ‘-
310 1179 448 1244 dedecus
468 1197 582 1264 magno
604 1197 701 1265 opere
722 1103 883 1268 moueatl
900 1181 1024 1258 Quare,
1062 1184 1147 1267 quod
1170 1186 1209 1248 ad
1236 1184 1398 1250 utilitatem
1428 1193 1563 1272 spectet,
1594 1207 1634 1253 ex

309 1271 366 1350 iis,
400 1293 480 1359 quae
508 1275 591 1340 dicta
618 1283 704 1351 sunt,
739 1275 934 1360 reperietur;
972 1278 1024 1340 93.
1053 1275 1129 1364 quid
1156 1284 1262 1344 autem
1290 1281 1389 1362 possit
1416 1277 1499 1345 effici
1532 1301 1630 1347 necne

310 1369 428 1452 possit,
451 1369 483 1432 iu
505 1388 568 1454 quo
591 1371 704 1445 etiam,
728 1389 821 1454 quam
841 1368 934 1435 facile
955 1371 1055 1453 possit
1075 1393 1233 1459 quamque
1255 1375 1420 1457 expediat,
1452 1377 1562 1459 quaeri
1584 1397 1635 1442 so-

273 1487 301 1531 ss
310 1462 370 1537 let,
401 1461 537 1527 maxime
559 1483 600 1528 ex
621 1467 722 1528 causis
743 1465 796 1538 iis,
827 1483 907 1551 quae
929 1485 1085 1552 quamque
1107 1487 1175 1533 rem
1198 1465 1352 1547 efficiant,
1383 1477 1431 1536 cst
1451 1469 1631 1537 videndum.

312 1559 483 1622 Causarum
504 1565 607 1623 autem
630 1578 746 1643 genera
767 1569 840 1624 sunt
860 1557 961 1643 plura.
1003 1563 1080 1624 Nam
1110 1572 1182 1627 sunt
1209 1561 1303 1638 aliae,
1334 1585 1415 1651 quae
1444 1564 1532 1649 ipsae
1560 1587 1635 1631 con·

310 1650 437 1730 ficiunt3
461 1649 556 1726 aliae,
579 1673 660 1738 quae
681 1653 745 1718 vim
767 1652 904 1739 aliquam
927 1651 967 1718 ad
989 1652 1216 1722 conficiendum
1238 1656 1385 1724 afferunt.
1431 1661 1541 1745 ltaque
1562 1659 1634 1727 illae

310 1746 492 1833 superiores
513 1745 712 1814 conficientes
734 1757 902 1828 vocentur3
924 1749 985 1814 hee
1006 1751 1146 1838 reliquae
1169 1761 1326 1838 ponantur
1339 1752 1371 1820 in
1388 1773 1427 1820 eo
1442 1774 1577 1838 genere,
1601 1761 1635 1820 ut

310 1843 378 1909 siue
399 1841 447 1908 bis
468 1837 579 1906 confici
601 1861 665 1908 non
685 1842 798 1929 possit.
842 1845 894 1909 91.
920 1842 1092 1910 Conficiens
1114 1854 1218 1912 sutem
1241 1868 1335 1913 causa
1356 1850 1417 1914 alia
1432 1856 1479 1914 cst
1492 1850 1635 1914 absoluta

274 1949 343 2005 sset
368 1935 507 2023 perlecta
535 1959 592 2025 per
621 1957 671 2013 sc,
705 1935 765 2002 alia
793 1938 912 2024 aliquid
941 1936 1089 2006 adiuvans
1118 1949 1150 2007 et
1171 1940 1327 2008 efficiendi
1350 1941 1435 2008 socia
1458 1945 1632 2026 quaedam3

311 2033 399 2100 cuius
420 2035 545 2116 generis
567 2031 614 2098 vis
636 2032 722 2097 varia
743 2039 790 2096 est
812 2039 844 2096 et
865 2053 959 2116 saepe
981 2043 1034 2100 aut
1055 2037 1157 2101 maior
1178 2045 1232 2101 aut
1253 2037 1372 2111 minor,
1395 2044 1429 2102 nt
1450 2038 1545 2102 etiam
1569 2035 1633 2111 illa,

311 2150 392 2216 quae
414 2132 581 2196 maximam
603 2129 667 2192 vim
689 2124 800 2203 habet,
832 2128 901 2192 sole
922 2148 1016 2215 saepe
1038 2151 1131 2196 causa
1152 2130 1284 2198 dicatur.
1329 2134 1408 2196 Sunt
1429 2137 1531 2195 autem
1554 2131 1634 2196 aliae

311 2243 440 2302 musae,
475 2242 557 2310 quae
586 2229 640 2288 aut
671 2227 802 2306 propter
832 2221 1019 2310 principium
1050 2234 1104 2292 aut
1129 2235 1260 2313 propter
1288 2228 1407 2291 exitum
1434 2223 1633 2292 conficientes

310 2328 472 2386 vocantur.
518 2322 595 2385 Cum
620 2325 724 2382 autem
755 2319 935 2403 quaeritur,
968 2319 1045 2405 quid
1072 2318 1112 2384 sit
1133 2319 1287 2404 optimum
1308 2319 1408 2395 lectu,
1445 2328 1498 2383 aut
1519 2319 1634 2386 utilitas

272 2423 364 2480 scant
391 2433 462 2501 spes
491 2411 648 2479 efficiendi
676 2409 716 2476 ad
743 2411 976 2479 assentiendum
1005 2412 1138 2498 impellit
1166 2418 1298 2480 animos.
1341 2416 1470 2483 XXVIL
1492 2416 1543 2479 95.
1578 2417 1632 2489 Et,

310 2509 458 2596 quoniam
481 2508 520 2575 de
542 2508 673 2574 utilitate
696 2508 759 2570 iam
781 2506 933 2580 diximus,
968 2509 1008 2572 de
1035 2507 1191 2573 alliciendi
1218 2508 1339 2574 ratione
1366 2506 1516 2574 dicamus.
1562 2511 1635 2587 Quo

310 2612 376 2670 toto
408 2625 523 2690 genere
552 2601 737 2692 quibuscum
766 2609 798 2666 et
823 2609 932 2666 contre
962 2624 1042 2688 quos
1072 2625 1135 2689 quo
1163 2613 1305 2690 tempore
1327 2612 1381 2669 aut
1403 2625 1464 2689 quo
1486 2602 1557 2670 loco
1581 2613 1635 2670 aut

310 2701 424 2785 quibos
444 2697 646 2766 facultatibus
668 2716 841 2772 armorum,
865 2699 1035 2783 pecuniae,
1058 2701 1215 2764 sociorum
1239 2717 1386 2763 earumve
1407 2717 1531 2775 rernm,
1554 2721 1635 2786 qnae

310 2797 349 2860 ad
371 2817 528 2881 quamque
550 2815 620 2860 rem
642 2791 838 2860 efficiendam
859 2791 1034 2876 pertinent,
1057 2791 1215 2877 possimus
1235 2791 1300 2868 uti,
1324 2791 1551 2877 requirendum
1574 2801 1632 2858 est.

274 2907 301 2949 πε
310 2894 419 2978 Neque
441 2893 543 2957 solum
566 2911 604 2954 ea
625 2896 715 2963 sunt,
748 2905 828 2974 quae
851 2889 941 2952 nobis
963 2895 1145 2973 suppetant,
1177 2889 1232 2952 sed
1255 2889 1348 2952 etiam
1370 2886 1444 2964 illa,
1480 2907 1561 2972 quse
1581 2887 1638 2953 ad·
1764 2889 1771 2900 '

310 2993 489 3060 versentur,
512 2982 656 3051 videnda.
699 2985 754 3056 Et,
777 2981 803 3046 ei
818 3003 857 3045 er
879 2981 1079 3047 contentione
1101 2981 1293 3066 procliviora
1315 2990 1406 3047 erunt
1426 2991 1550 3058 nostra,
1573 3003 1637 3048 non

311 3078 413 3145 solum
434 3078 516 3145 effici
537 3099 647 3164 posse,
681 3096 762 3164 quae
783 3074 969 3152 suademus,
1002 3077 1062 3141 erit
1082 3074 1353 3162 persuadendum,
1386 3079 1442 3142 sed
1465 3080 1636 3143 curandum

312 3176 426 3251 etiam,
460 3184 496 3238 ut
524 3173 577 3238 illa
607 3170 729 3247 facilia,
763 3170 938 3255 proclivia,
983 3172 1118 3237 iucunda
1151 3171 1329 3237 videantur.
1377 3171 1636 3238 Dissuadentibus

311 3276 417 3336 autem
439 3278 492 3333 aut
512 3267 628 3334 utilitas
650 3263 862 3342 labefactanda
884 3273 934 3330 est
957 3274 1011 3331 aut
1038 3263 1193 3332 efficiendi
1216 3264 1414 3332 difficultates
1436 3264 1635 3344 efferendas,

275 3383 415 3452 seneque
445 3363 514 3429 aliis
542 3383 582 3452 er
609 3362 785 3446 praeceptis
817 3361 873 3423 sed
900 3358 1012 3425 iisdem
1041 3381 1081 3426 cx
1109 3363 1262 3427 suasionis
1284 3358 1371 3428 locis.
1415 3364 1467 3426 96.
1501 3363 1636 3451 Uterque

313 3479 390 3524 vero
412 3461 451 3523 ad
472 3455 650 3542 sugendum
671 3457 786 3518 babent
807 3456 1024 3539 exemplorum
1047 3462 1101 3520 aut
1123 3455 1312 3529 recentium,
1336 3475 1399 3542 qno
1421 3459 1544 3522 notiora
1566 3457 1636 3533 sint,

312 3563 366 3620 aut
387 3561 548 3627 veterum,
573 3572 635 3636 quo
657 3551 728 3635 plus
750 3550 945 3614 auctoritatis
968 3547 1122 3626 habeant,
1147 3551 1288 3635 copiem;
1323 3551 1522 3636 meximeque
1544 3551 1637 3617 sitin

312 3651 375 3714 boc
395 3665 511 3731 genere
536 3647 720 3721 meditatus,
755 3653 792 3708 ut
819 3641 919 3730 possit
940 3645 990 3708 vel
1012 3643 1100 3708 utilia
1122 3663 1158 3709 ac
1180 3643 1358 3709 neccssaria
1382 3663 1476 3731 saepe
1497 3643 1637 3711 honestis

313 3741 362 3807 vel
385 3741 461 3806 baec
482 3740 543 3805 illis
566 3736 732 3804 anteferre.
776 3740 825 3803 nd
855 3736 1100 3803 commovendos
1128 3745 1232 3804 autem
1263 3737 1384 3803 animos
1407 3742 1542 3804 maxime
1565 3759 1639 3825 pro-

276 3836 436 3911 reficient,
471 3833 496 3899 si
519 3835 668 3898 incitandi
690 3840 798 3908 erunt,
827 3833 982 3897 eiusmodi
1004 3833 1199 3918 scnteptiae,
1230 3852 1309 3920 quae
1331 3832 1447 3898 autad
1468 3831 1638 3919 explendas

314 3928 500 4017 cupiditates
521 3931 634 3993 autad
658 3931 765 3994 odium
787 3930 962 3992 satiandum
984 3936 1038 3991 aut
1059 3931 1100 3993 ad
1121 3926 1314 3993 ulciscendas
1342 3930 1472 3992 iniurias
1502 3927 1637 4014 pertine·

313 4028 403 4090 bunt.
449 4024 504 4089 Sin
525 4031 628 4088 autem
651 4021 863 4109 reprimendi,
887 4024 927 4086 de
941 4019 1062 4086 incerto
1078 4031 1160 4088 statu
1176 4021 1320 4088 fortunae
1336 4020 1502 4108 dubiisque
1517 4022 1638 4088 eventis

313 4141 419 4186 rerum
441 4117 617 4184 futurarum
638 4126 670 4183 et
690 4119 862 4183 retinendis
885 4118 950 4182 suis
972 4115 1123 4190 fortunis,
1146 4116 1173 4183 si
1197 4125 1287 4182 erunt
1309 4119 1482 4196 secundac3
1511 4119 1559 4182 sin
1582 4138 1638 4182 au-

313 4223 376 4284 tom
398 4212 565 4290 adversae,
587 4211 626 4278 de
649 4214 791 4298 periculo
815 4210 1044 4279 commonendi.
1086 4193 1208 4300 Atque(
1211 4211 1243 4292 bi
1266 4214 1392 4298 quidem
1414 4221 1488 4277 sunt
1506 4230 1639 4297 perora-

156 4310 161 4319 “
276 4311 408 4376 sotionis
429 4283 521 4404 loci.)
547 4311 599 4372 97.
624 4307 779 4393 Principia
800 4316 904 4372 eutem
919 4305 952 4371 in
967 4305 1128 4373 sententiis
1144 4306 1285 4371 dicendis
1299 4307 1408 4372 brevia
1424 4327 1492 4372 esse
1509 4305 1636 4372 debent.

314 4408 384 4469 Non
406 4404 489 4468 enirn
510 4400 643 4488 supplex
663 4411 699 4467 ut
720 4405 759 4467 ed
774 4401 910 4466 iudicem
929 4404 1014 4467 venit
1031 4409 1154 4476 orator,
1178 4403 1233 4466 sed
1250 4404 1394 4467 hortator
1409 4409 1504 4487 atque
1518 4409 1639 4470 auctor.

316 4501 421 4577 Quare
436 4517 630 4585 proponere,
654 4518 715 4585 qua
731 4503 833 4561 mente
849 4496 948 4572 dicat,
972 4493 1049 4581 qnid
1071 4495 1161 4568 velit,
1184 4494 1299 4582 quibus
1322 4493 1478 4560 derebus
1500 4496 1640 4561 dicturus

386 4701 411 4749 1.
432 4704 457 4749 et
474 4699 608 4749 comeare
628 4699 692 4760 (om.
712 4696 753 4761 ds)
772 4697 805 4748 R.
828 4721 855 4734 ·-
876 4697 903 4748 5.
923 4695 1001 4746 Nemo
1020 4697 1145 4746 ostentm
1164 4693 1216 4746 (iu.
1236 4693 1301 4744 RV:
1323 4693 1402 4744 Nono
1421 4695 1489 4744 enim
1507 4701 1545 4745 est
1565 4695 1594 4744 li.
1607 4719 1638 4730 -

315 4769 342 4821 ’1.
362 4775 463 4832 spectet
478 4770 545 4818 Edd.
559 4774 623 4820 vett.
638 4768 670 4820 cd
685 4768 832 4819 Schttzius.
870 4766 904 4817 Ut
916 4781 979 4826 nos,
999 4768 1090 4816 nostri.
1107 4792 1139 4802 -
1157 4765 1183 4815 8.
1203 4767 1334 4827 reperitur
1347 4765 1380 4814 li·
1396 4789 1427 4800 -
1443 4765 1533 4830 ecquid
1546 4765 1639 4816 erb.

318 4863 349 4878 -
368 4853 447 4891 necere
462 4841 545 4901 possit
558 4839 604 4889 liv
621 4840 739 4902 sitique:
760 4851 839 4890 necne
857 4834 921 4900 (om.
937 4841 1034 4901 possit)
1048 4837 1078 4886 E.
1102 4861 1131 4874 -
1151 4836 1194 4887 11.
1214 4835 1329 4901 effictum
1348 4849 1387 4897 pr.
1409 4835 1442 4885 n.
1462 4857 1494 4870 -
1513 4837 1556 4886 19.
1575 4831 1640 4898 eim]

315 4911 388 4960 niam
406 4909 446 4968 Y,
466 4911 514 4959 Ed.
533 4910 600 4961 ven.
620 4933 652 4944 -
673 4910 717 4960 15.
738 4911 818 4959 ettam
836 4907 900 4959 lili:
921 4915 945 4957 st
964 4909 994 4957 Ε.
1014 4905 1111 4970 (aretem
1128 4903 1172 4972 V.)
1194 4929 1223 4942 -·
1243 4907 1286 4956 99.
1305 4919 1396 4971 penore
1414 4911 1470 4958 toto
1489 4905 1522 4954 V.
1546 4930 1576 4943 -
1594 4906 1639 4956 99.

317 4993 371 5034 esse
390 4981 531 5030 videantur
548 4981 582 5030 tt.
603 4977 667 5043 (non
685 4980 731 5036 V.)
753 5003 782 5016 -
811 4980 855 5030 99.
875 4977 1027 5043 offerendus
1046 4978 1149 5029 volebat
1168 4977 1230 5026 liro.
1255 5001 1289 5013 -
1319 4976 1361 5027 30.
1382 4991 1415 5027 en
1434 4977 1528 5027 dudm
1546 4976 1577 5028 V.
1609 5001 1639 5014 -

318 5053 361 5104 95.
382 5051 508 5100 etssmode'
525 5052 563 5101 li:
582 5050 731 5102 huiusmodi
748 5051 804 5100 vlt.
831 5075 859 5090 -
890 5049 934 5100 99.
951 5047 1069 5112 [urteola
1086 5049 1140 5098 sao
1158 5047 1191 5098 ll·
1210 5071 1242 5084 -
1269 5046 1313 5099 99.
1330 5049 1509 5110 perorationis
1526 5054 1589 5098 runt
1605 5047 1640 5098 n.

322 5146 349 5158 “·
369 5123 414 5174 ⁴¹⁰·
434 5120 561 5174 dflbflbum
579 5122 633 5174 RV·
