3746 5850
315 436 378 506 tto
912 407 1063 506 roarca'

314 601 395 670 nihil
427 607 563 688 oportet.
605 602 659 666 20.
691 601 717 666 Δ
745 597 1030 684 consequentibus:
1065 598 1100 666 si
1131 597 1262 678 mulier,
1299 621 1371 668 cum
1402 603 1514 670 inisset
1538 615 1636 694 nupta

315 717 387 764 cum
409 717 469 775 eo,
492 697 619 785 quicum
640 695 832 760 connubium
853 715 918 760 non
940 701 1039 770 esset,
1062 698 1206 761 nuntium
1227 697 1370 778 remisit3
1394 701 1560 785 quoniam,
1583 703 1639 788 qui

314 792 380 860 nati
413 800 500 868 sunt,
533 799 657 876 patrem
684 809 749 855 non
778 796 971 875 sequuntur,
1002 807 1063 873 pro
1091 789 1200 855 liberis
1230 811 1358 857 manere
1387 791 1467 858 nibil
1499 805 1636 882 oportet.

315 890 367 954 at.
396 891 423 954 A
454 886 718 974 repugnantibust
754 885 788 949 si
817 883 1041 967 paterfamilias
1069 887 1162 950 uxori
1191 883 1375 952 ancillarum
1407 889 1640 955 usumfructum

293 979 432 1065 *legavit
463 999 482 1046 a
513 978 580 1048 tilio
609 997 711 1066 neque
739 999 760 1044 a
789 981 927 1045 secundo
954 981 1073 1045 beredo
1100 979 1233 1064 legavit,
1278 989 1404 1047 mortuo
1432 980 1497 1048 filio
1524 985 1642 1051 mulier

314 1077 543 1142 usumfructum
571 1095 636 1140 non
668 1071 792 1140 amittit.
848 1071 943 1152 Quod
971 1077 1054 1139 enim
1083 1072 1180 1140 semel
1208 1081 1396 1142 testamento
1418 1075 1511 1142 alicui
1532 1076 1640 1144 datum

315 1177 381 1247 est,
414 1169 448 1236 id
469 1172 511 1236 ab
534 1187 574 1236 eo
599 1167 718 1247 inrito,
752 1169 803 1234 cui
829 1170 938 1234 datum
967 1177 1036 1246 est,
1073 1169 1192 1235 aulerri
1220 1189 1285 1235 non
1315 1177 1430 1256 potest.
1474 1173 1641 1258 Repugnat

315 1261 398 1330 euim
419 1272 505 1329 recte
527 1265 692 1350 accipere,
721 1269 753 1330 et
773 1263 907 1328 invitum
930 1266 1075 1331 reddere.
1133 1267 1186 1331 ii.
1209 1261 1257 1330 Ab
1280 1263 1488 1330 efficientibus
1512 1264 1637 1354 [causis]

314 1361 377 1424 boc
398 1361 510 1426 modo:
534 1359 689 1424 Omnibus
712 1365 759 1424 est
779 1356 829 1423 ius
849 1355 1003 1443 parietem
1026 1357 1180 1425 directum
1203 1360 1242 1424 ad
1263 1362 1416 1443 parietem
1439 1379 1640 1427 communem

277 1455 486 1539 ”adiungere
515 1452 566 1520 vel
598 1451 734 1518 solidum
765 1450 815 1517 vel
843 1449 1041 1518 fornicatum.
1085 1451 1146 1518 Sed
1177 1453 1232 1538 qui
1260 1455 1293 1518 in
1323 1453 1446 1539 pariete
1479 1457 1639 1520 communi

317 1549 516 1616 demoliendo
539 1546 644 1614 damni
665 1545 773 1612 inlecti
789 1548 987 1632 promiserit,
1009 1568 1074 1612 nou
1087 1545 1216 1613 debebit
1229 1557 1408 1631 praestare,
1431 1553 1516 1634 quod
1532 1547 1639 1615 lomix

315 1642 383 1709 vitii
407 1642 526 1708 feeerit
570 1645 640 1708 Non
664 1642 748 1707 enim
769 1642 838 1706 eius
859 1641 986 1727 parietis
1009 1641 1104 1717 vitio,
1134 1643 1187 1728 qui
1211 1641 1378 1708 demolitus
1401 1651 1465 1718 est,
1491 1645 1639 1709 damnum

314 1733 520 1814 factumest,
543 1739 601 1804 sed
622 1734 690 1802 eius
711 1735 817 1822 operis
839 1737 932 1811 vitio,
956 1735 1041 1822 quod
1062 1735 1105 1801 ita
1126 1734 1322 1802 aedificatum
1346 1745 1411 1814 est,
1434 1746 1470 1804 ut
1491 1739 1640 1828 suspendi

316 1851 380 1897 non
400 1839 519 1918 posset.
577 1833 629 1897 23.
661 1833 709 1895 Ab
742 1827 863 1895 effectis
894 1833 990 1896 rebus
1021 1829 1081 1895 boc
1110 1829 1224 1896 modo:
1261 1832 1341 1896 Cum
1370 1833 1483 1900 mulier
1508 1837 1577 1901 viro
1605 1837 1640 1901 in

280 1939 445 1992 umanum
467 1924 627 2003 convenit,
650 1923 775 2024 omnia,
798 1943 880 2010 quae
901 1926 1044 1991 mulieris
1064 1923 1210 2002 luerunt,
1234 1927 1293 1990 viri
1309 1923 1388 1992 liunt
1401 1929 1484 1996 dotis
1499 1933 1638 1996 nomine.

314 2025 364 2092 Ex
385 2022 622 2106 comparatione
644 2027 750 2085 autem
772 2021 879 2084 omnia
899 2018 1022 2097 valent,
1052 2041 1133 2106 quae
1155 2028 1228 2088 sunt
1248 2021 1452 2090 huiusmodia
1490 2023 1584 2102 Quod
1606 2027 1640 2091 in

315 2137 352 2184 re
374 2117 495 2185 maiore
518 2117 622 2192 valet,
654 2113 758 2181 ualeat
777 2113 811 2179 in
832 2112 973 2190 minore,
1004 2121 1055 2192 ut,
1080 2116 1112 2179 si
1134 2115 1167 2182 in
1187 2114 1268 2181 urbe
1288 2114 1367 2182 lines
1388 2137 1453 2184 nou
1475 2129 1638 2205 reguntur,

316 2229 374 2276 neo
395 2230 476 2297 aqua
497 2209 530 2278 in
552 2213 632 2275 urbe
654 2217 810 2275 arceatur.
854 2211 932 2273 ltem
955 2217 1084 2276 contra:
1108 2208 1200 2288 Quod
1223 2209 1255 2275 in
1278 2207 1401 2278 minore
1415 2212 1516 2288 valet,
1539 2213 1642 2280 valeat

318 2305 352 2372 in
374 2309 503 2373 maiore.
547 2308 636 2371 Licet
656 2305 740 2370 idem
764 2303 942 2390 exemplum
965 2314 1164 2370 convertere.
1209 2307 1307 2370 item:
1342 2307 1436 2384 Quod
1457 2309 1490 2373 in
1511 2329 1549 2374 re
1569 2309 1640 2396 pari

280 2399 418 2478 aavalet,
441 2401 544 2468 valeat
564 2399 597 2467 iu
619 2403 697 2476 bac,
728 2417 810 2485 quae
831 2419 890 2486 par
911 2407 973 2473 est,
1001 2407 1053 2476 ut,
1085 2399 1243 2480 Quoniam
1265 2419 1341 2465 usus
1362 2405 1530 2469 auctoritas
1552 2404 1641 2469 luudi

316 2496 478 2562 biennium
500 2502 567 2573 est,
598 2495 639 2562 ait
659 2494 753 2560 etiam
775 2494 912 2560 aedium.
956 2499 995 2560 st
1015 2493 1048 2559 in
1068 2493 1140 2580 lege
1162 2497 1256 2559 aedes
1278 2513 1342 2559 non
1363 2497 1576 2582 appellantur,
1610 2505 1643 2562 et

315 2599 389 2656 sunt
402 2597 578 2658 ceterarum
600 2611 708 2656 rerum
723 2590 884 2664 omnium,
908 2607 1044 2673 quarum
1065 2608 1185 2654 annuus
1207 2596 1257 2654 est
1278 2607 1363 2654 usus.
1408 2590 1519 2656 Valeat
1533 2593 1642 2678 aequi-

316 2691 382 2761 tas,
416 2705 496 2771 quae
517 2684 646 2774 paribus
668 2687 702 2750 io
723 2683 825 2750 causis
846 2683 937 2767 paria
957 2685 1026 2748 iura
1055 2684 1232 2748 desiderat·
1267 2686 1320 2747 ut.
1352 2685 1441 2762 Quae
1467 2693 1570 2752 autem
1593 2706 1644 2751 as·

317 2787 484 2845 sumuntur
514 2781 727 2857 extrinsecus,
767 2799 805 2844 ca
837 2779 974 2843 maxime
1014 2798 1055 2843 ex
1089 2777 1273 2843 auctoritato
1305 2775 1472 2846 ducuntur.
1518 2782 1641 2865 -.Itaque

280 2889 308 2934 at
320 2872 432 2939 Graeci
462 2873 540 2940 tales
569 2874 858 2959 argumentationes
886 2875 1041 2952 ἀτέχνους
1064 2879 1196 2948 vocant,
1229 2873 1347 2947 idest,
1381 2872 1457 2938 artis
1479 2882 1639 2960 expertes,
1692 2908 1695 2920 ν

317 2975 354 3033 ut
374 2967 402 3032 si
422 2968 465 3032 ita
485 2972 701 3056 respondeas:
726 2970 883 3047 Quoniam
897 2970 930 3037 P.
947 2967 1098 3032 Scaevola
1118 2967 1151 3032 id
1166 2965 1268 3031 solum
1284 2986 1352 3032 esse
1368 2966 1501 3033 ambitus
1517 2967 1641 3034 aedium

319 3062 448 3138 dixerit,
481 3083 545 3151 quo
572 3065 701 3149 parietis
723 3065 898 3128 communis
919 3060 1047 3146 tegendi
1071 3081 1163 3126 causa
1191 3068 1304 3127 tectum
1336 3063 1566 3146 proiieeretur,
1601 3083 1642 3128 ex

319 3175 382 3243 quo
413 3165 495 3222 teoto
522 3156 555 3223 in
585 3157 654 3224 eius
679 3163 790 3235 aedes,
822 3159 877 3244 qui
905 3158 1111 3245 protexisset,
1144 3175 1226 3242 aqua
1254 3157 1426 3233 delineret,
1460 3159 1493 3223 id
1516 3155 1572 3223 tibi
1592 3161 1643 3224 ius

318 3253 432 3317 videri.

281 3359 311 3406 aa
402 3349 452 3410 25.
475 3344 532 3411 His
553 3347 650 3433 igitur
670 3346 766 3422 locis,
790 3346 845 3433 qui
868 3353 945 3413 sunt
962 3343 1097 3430 expositi
1119 3349 1159 3410 ad
1182 3364 1276 3410 omne
1297 3339 1644 3429 argumentumdtam-

319 3459 414 3527 quam
443 3441 605 3507 elementis
633 3443 820 3527 quibusdam
848 3437 1033 3524 significatio
1055 3449 1087 3506 et
1108 3438 1334 3520 demonstratio
1357 3439 1398 3505 ad
1419 3443 1643 3528 reperiendum

320 3540 436 3631 datur.)
465 3538 573 3602 Utrum
595 3537 692 3623 igitur
712 3537 864 3601 hacteuus
887 3535 960 3600 satis
982 3540 1051 3600 esti
1083 3532 1153 3600 Tibi
1176 3532 1303 3619 quidem
1326 3541 1390 3600 tam
1413 3543 1506 3600 acuto
1528 3543 1559 3600 et
1580 3543 1643 3600 tam

319 3638 471 3716 occupato
498 3637 588 3714 puto.
633 3633 670 3697 V.
708 3633 790 3707 Sed,
828 3631 975 3714 quoniam
1005 3628 1132 3694 avidum
1158 3627 1316 3693 bominem
1345 3627 1385 3693 ad
1413 3632 1470 3694 bas
1503 3627 1644 3694 discendi

320 3725 428 3812 epulas
449 3727 570 3812 recepi,
600 3725 646 3792 sie
667 3725 835 3811 accipiam,
866 3732 902 3789 ut
921 3724 1125 3810 reliquiarum
1150 3726 1190 3787 sit
1210 3724 1317 3807 potius
1339 3721 1475 3809 aliquid,
1497 3743 1591 3810 quam
1613 3733 1644 3789 te

282 3821 394 3887 ttbine
420 3823 522 3908 patiar
551 3839 615 3886 uon
647 3822 790 3885 satiatum
823 3816 994 3884 discedere.
1037 3823 1090 3882 26.
1126 3820 1260 3896 Quando
1293 3837 1371 3903 ergo
1401 3839 1482 3884 unua
1512 3819 1645 3904 quisque

319 3935 431 3982 eorum
454 3915 614 3991 locorum,
647 3935 726 4000 quos
748 3917 895 4001 exposui,
924 3933 981 3978 sua
1003 3915 1157 3998 quaedam
1179 3910 1274 3979 babet
1295 3915 1457 3989 membra,
1490 3931 1528 3978 ea
1548 3933 1644 3999 quam

321 4009 522 4078 subtilissimo
542 4029 783 4096 persequamur,
822 4017 853 4075 et
873 4007 1008 4095 primum
1033 4010 1072 4073 de
1093 4007 1162 4094 ipsa
1184 4005 1365 4074 delinitione
1386 4007 1519 4073 dicatur.
1562 4007 1646 4074 Defi-

321 4103 398 4170 nitio
421 4115 468 4170 est
489 4105 605 4180 oratio,
634 4125 715 4190 quae
736 4107 783 4180 id,
811 4106 897 4190 quod
919 4101 1083 4178 delinitur,
1116 4102 1267 4188 explicat,
1290 4103 1366 4190 quid
1388 4101 1437 4169 sit,
1481 4101 1645 4167 Definitio-

321 4220 397 4266 num
418 4205 523 4263 autem
545 4195 608 4264 duo
629 4217 747 4282 genera
768 4199 886 4287 prima:
907 4219 1006 4262 unum
1028 4217 1137 4262 earum
1151 4217 1277 4274 rorum,
1302 4216 1383 4282 quae
1397 4203 1488 4276 sunt;
1510 4198 1645 4262 alterum

393 4400 420 4451 8.
439 4402 526 4450 comit
543 4413 596 4451 om.
617 4401 633 4450 b
654 4414 692 4461 pr.
713 4413 757 4458 m:
780 4415 794 4452 a
815 4413 868 4453 sea.
889 4401 967 4451 reboo
986 4407 1013 4450 et
1030 4403 1068 4451 stc
1085 4399 1191 4456 aede,
1221 4397 1267 4448 Gr.
1287 4398 1319 4449 B.
1347 4398 1402 4450 Not
1421 4401 1590 4452 seclusimus.
1613 4423 1643 4438 -

323 4474 366 4526 10.
384 4472 434 4523 Sed
451 4472 499 4536 qut
516 4470 626 4530 abda,
647 4471 707 4542 Bp,
734 4472 768 4520 ,tt
785 4474 808 4522 at
828 4475 889 4536 quo
909 4472 954 4522 db
973 4483 1033 4522 cum
1052 4473 1144 4521 ceterta
1163 4469 1230 4519 aad.
1257 4469 1321 4519 mtbt
1341 4473 1429 4528 notts,
1457 4469 1487 4520 se·
1504 4473 1550 4534 qut
1568 4483 1591 4520 c.
1611 4489 1646 4506 -

323 4545 366 4596 aa.
386 4546 442 4595 otus
456 4543 569 4605 pet-tetta
592 4543 682 4592 abed
701 4541 740 4592 B:
769 4544 823 4594 aiut
842 4549 904 4599 tom.
925 4556 949 4592 v.
967 4539 1090 4603 portatu)
1108 4539 1185 4591 eiii.
1206 4565 1234 4578 -
1269 4540 1312 4589 att.
1332 4541 1482 4590 huiusmodi
1500 4541 1560 4600 be,
1580 4540 1643 4590 live

322 4613 490 4667 commeatts
509 4626 569 4663 cum
589 4615 696 4664 ceteris.
716 4635 747 4650 -
773 4613 817 4662 23.
837 4617 1007 4664 assumuntur
1026 4613 1186 4662 eatrtmeeoa
1204 4610 1306 4668 abad,
1326 4610 1414 4668 Vatia,
1436 4611 1497 4660 BV:
1518 4613 1646 4662 mortma-

322 4699 368 4737 ωε
385 4691 556 4736 asumuntur
575 4683 634 4744 ΝΕ,
658 4689 799 4734 sumuntur
816 4687 977 4734 artrtmecua
996 4682 1013 4733 i.
1046 4706 1073 4718 -
1104 4681 1148 4730 27.
1168 4693 1224 4745 quo¹
1238 4681 1272 4731 ba
1298 4683 1369 4745 quod
1386 4682 1441 4740 ab,
1460 4682 1549 4747 quood
1562 4681 1644 4739 Vatia,

322 4757 431 4815 bamb..
450 4762 579 4818 quomrum
597 4769 611 4806 e
632 4753 783 4816 (manticato
802 4769 833 4806 ex
851 4754 985 4808 Boetbto).
1006 4775 1038 4788 -
1057 4766 1090 4802 ec
1109 4763 1162 4814 quo
1180 4757 1247 4801 teoto
1265 4754 1294 4801 ta
1312 4755 1366 4802 mut
1384 4753 1463 4802 ordea
1480 4756 1525 4816 qut
1543 4752 1598 4802 BV.
1619 4759 1647 4801 et

323 4827 449 4878 Bottbtus
474 4829 500 4876 tn
527 4824 721 4877 Commentario
740 4841 771 4878 ex
791 4826 903 4876 tectione
924 4825 990 4874 Cod.
1010 4823 1156 4876 Etnatedt.=
1186 4835 1218 4872 aa
1236 4835 1288 4884 quo
1306 4825 1335 4872 to
1353 4825 1448 4874 tectum
1467 4825 1538 4885 etus,
1568 4822 1646 4874 cades
1701 4867 1704 4874 .

324 4899 372 4961 put
390 4897 410 4947 tt
428 4908 488 4946 cum
508 4895 593 4948 Codd.
613 4900 691 4948 uotis.
713 4921 744 4934 -
771 4896 815 4946 ³0.
835 4897 949 4958 ompositi
967 4901 1029 4946 cett.
1050 4905 1135 4956 usqua
1153 4893 1185 4943 ad
1205 4905 1230 4943 r.
1251 4893 1334 4942 datur
1351 4893 1457 4952 abed,
1479 4893 1540 4964 Bp,
1558 4893 1646 4952 valta,

324 4968 388 5020 BV:
408 4967 535 5028 sepostu,
555 4967 592 5018 ad
609 4983 682 5020 omne
699 4973 884 5032 orpumatttum
901 4963 1079 5026 nemeaeum
1097 4971 1231 5028 tamquam
1249 4965 1382 5012 clementia
1394 4964 1553 5026 quibusdam
1564 4965 1647 5028 sipot-

324 5039 413 5107 fieotto
431 5045 457 5087 st
475 5037 667 5090 demonstratio
685 5038 766 5088 datur
784 5039 837 5089 eit.
858 5061 890 5072 -
910 5037 954 5086 ³6.
973 5036 1049 5085 babet
1066 5034 1180 5084 membra
1198 5033 1291 5084 abet:
1315 5033 1431 5086 membro
1449 5034 1563 5085 booetii
1583 5045 1645 5084 eum

325 5116 388 5180 cett.
408 5114 490 5160 nostr.
514 5130 540 5143 -
561 5109 605 5163 39.
624 5110 678 5160 duo
695 5123 734 5162 ac
753 5107 817 5170 Gr..
836 5107 874 5160 Bt
893 5107 945 5158 duo
962 5109 1024 5157 auru
1041 5119 1101 5158 eum
1120 5106 1178 5156 attis
1197 5105 1282 5157 codd.
1303 5105 1343 5167 b,
1360 5109 1424 5156 aunt
1438 5103 1536 5167 duod,
1560 5103 1644 5157 Valla.
