3746 5850
276 361 355 451 'rso
882 380 1029 450 roman

292 548 320 614 si
341 567 401 632 ego
424 564 595 631 gravarer,
629 551 683 610 aut
702 544 862 629 ingratum
883 541 916 608 id
938 549 993 608 ant
1013 545 1185 630 superbum
1210 541 1383 612 videretur.
1428 548 1507 624 Sed,
1541 544 1614 614 dum

291 640 407 708 fuimus
429 661 507 714 una,
530 647 566 708 tu
588 639 723 726 optimus
746 659 781 704 es
802 639 905 711 testis,
929 658 1025 724 quam
1046 636 1161 704 luerim
1184 647 1374 726 occupatns;
1402 645 1433 708 5.
1455 648 1492 708 nt
1512 650 1616 709 autem

284 741 311 802 ‘a
332 744 364 802 te
386 735 533 812 discessi,
557 737 590 800 in
606 736 771 800 Graeciam
786 731 1102 819 proficiscens,tcum
1125 755 1223 818 opera
1245 756 1317 800 mea
1337 755 1398 802 nec
1419 758 1469 804 res
1492 737 1617 825 publica

292 851 351 896 nec
373 829 466 896 amici
488 823 733 912 uterentur)nec
754 831 886 894 honeste
907 829 992 892 inter
1012 849 1098 894 arma
1119 827 1241 895 versari
1262 848 1410 914 possem,
1439 855 1479 898 no
1501 832 1529 898 si
1549 840 1615 900 tuto

271 923 419 1010 squidem
441 923 475 991 id
496 919 572 990 miili
595 923 724 1012 liceret,
755 931 792 989 ut
812 924 886 990 reni
907 923 1028 991 Veliam
1050 927 1166 1010 tuaque
1188 931 1220 990 et
1241 934 1312 990 tuos
1334 925 1417 1004 vidi,
1440 925 1616 996 admonitus

293 1020 385 1088 huius
407 1019 490 1086 aeris
512 1018 606 1084 alieni
627 1019 717 1085 nolui
738 1018 849 1084 deesse
871 1039 912 1083 ne
933 1018 1045 1084 tacitae
1068 1017 1195 1104 quidem
1216 1017 1401 1103 flagitationi
1422 1030 1506 1089 tune.
1557 1024 1619 1088 lta-

295 1137 356 1200 que
382 1117 478 1192 haec,
516 1133 588 1180 cum
610 1135 734 1181 mecum
755 1113 855 1179 libros
877 1133 940 1179 non
962 1111 1132 1188 haberem,
1167 1113 1320 1180 memoria
1341 1117 1475 1203 repetita
1496 1118 1529 1183 in
1549 1117 1619 1201 ipsa

292 1211 492 1295 navigatione
521 1207 695 1295 conscripsi
725 1207 845 1295 tibique
875 1230 916 1273 ex
937 1207 1053 1273 itinere
1074 1206 1166 1285 misi,
1200 1217 1235 1274 ut
1256 1229 1327 1276 men
1348 1211 1510 1297 diligentia
1531 1233 1619 1278 man·

294 1306 440 1371 datorum
469 1311 596 1370 tuorum
624 1312 656 1367 te
685 1323 833 1389 quoquc,
867 1302 926 1368 etsi
948 1301 1145 1368 admonitore
1165 1324 1229 1371 non
1251 1325 1342 1390 eges,
1372 1305 1413 1373 ad
1434 1305 1618 1373 memoriam

255 1420 285 1462 ao
293 1408 473 1466 nostrarum
496 1419 606 1464 rerum
628 1399 809 1464 excitarem.
853 1399 916 1463 Sed
937 1397 1001 1462 iam
1024 1404 1148 1482 tempus
1170 1408 1218 1464 est
1239 1402 1278 1465 ad
1300 1399 1348 1478 id,
1379 1405 1464 1488 quod
1485 1401 1619 1468 institui-

294 1516 382 1574 mus,
406 1497 569 1561 accedere.

378 1593 417 1656 II.
440 1593 472 1655 6.
497 1593 574 1658 Cum
596 1590 698 1655 omnis
719 1589 800 1654 ratio
823 1584 957 1673 diligens
971 1585 1147 1654 disserendi
1162 1587 1239 1655 duas
1253 1587 1368 1657 habeat
1380 1598 1503 1675 partes,
1524 1612 1619 1657 unam

294 1685 494 1762 inveniendi,
517 1684 647 1751 alteram
669 1682 848 1760 iudicandi,
871 1682 1035 1769 utriusque
1057 1685 1220 1768 princeps,
1243 1691 1279 1749 ut
1299 1684 1375 1751 mihi
1391 1685 1518 1781 quidem
1534 1685 1621 1752 vide-

294 1790 362 1857 tur,
398 1779 582 1846 Aristoteles
613 1777 682 1844 luit.
729 1777 826 1844 Stoici
854 1788 957 1844 autem
986 1777 1018 1843 in
1047 1776 1145 1844 altera
1168 1778 1425 1847 elaboraverunt:
1442 1781 1619 1858 qiudimndi

110 1869 163 1962 sd
243 1875 381 1944 (atenim
402 1876 470 1940 rias
492 1873 661 1957 diligenter
681 1871 837 1958 persecuti
859 1862 990 1967 suntsea
1013 1875 1157 1950 scientia,
1180 1896 1273 1961 quam
1296 1876 1498 1958 διαλεκτικήν
1512 1867 1621 1963 appel-

240 1960 259 2030 l
293 1971 373 2050 lant;
395 1968 712 2044 inveniendiartem,
736 1986 819 2054 quae
833 1967 948 2047 τοπικὴ
972 1949 1209 2068 dicitur‚)quae
1224 1979 1258 2035 et
1271 1969 1310 2036 ad
1325 1991 1415 2037 usum
1432 1973 1537 2055 potior
1552 1981 1621 2038 erat
1706 1963 1716 1980 “

295 2074 328 2133 et
349 2063 459 2130 ordine
481 2070 611 2129 naturae
633 2071 718 2128 certe
740 2064 846 2149 prior,
875 2070 974 2126 totam
995 2062 1203 2150 reliquerunt.
1249 2071 1281 2132 7.
1304 2070 1369 2134 Nos
1390 2077 1510 2144 antem,
1539 2089 1620 2155 quo-

294 2163 379 2227 niam
400 2159 435 2225 in
455 2165 589 2244 utraque
610 2177 733 2224 summa
755 2156 872 2222 utilitas
895 2165 944 2223 est
966 2165 998 2223 et
1010 2167 1191 2247 utramque,
1214 2161 1321 2228 sierit
1335 2165 1450 2238 otium,
1472 2166 1620 2249 persequi

295 2258 487 2341 cogitamus,
517 2250 556 2317 ab
579 2271 633 2328 ea,
665 2271 747 2337 qnae
768 2251 857 2338 prior
880 2260 942 2327 est,
971 2252 1144 2321 ordiemur.
1188 2259 1226 2322 Ut
1247 2256 1344 2343 igitur
1365 2278 1474 2324 earum
1496 2278 1617 2336 rerum,

257 2367 377 2439 soquae
399 2345 602 2413 absconditae
625 2353 714 2423 sunt,
751 2349 965 2413 demonstrato
988 2355 1020 2413 et
1041 2356 1150 2415 notato
1172 2349 1244 2418 loco
1266 2349 1365 2417 facilis
1385 2351 1525 2419 inventio
1553 2361 1618 2430 est,

296 2451 359 2524 sic,
383 2463 454 2510 cum
475 2443 691 2528 pervestigare
712 2449 932 2526 argumentum
955 2441 1083 2528 aliquod
1105 2444 1266 2520 volumus,
1296 2445 1384 2512 locos
1404 2467 1498 2514 nosse
1521 2445 1618 2513 deho-

296 2561 385 2620 mus;
415 2541 460 2604 sic
482 2537 567 2603 enim
589 2535 760 2623 appellatae
782 2539 821 2601 ah
845 2535 1013 2602 Aristotele
1033 2548 1106 2604 sunt
1128 2560 1184 2606 eae
1207 2541 1297 2627 quasi
1318 2542 1424 2619 sedes,
1462 2562 1480 2607 e
1505 2540 1619 2629 quibus

296 2640 482 2720 argumenta
502 2638 701 2720 promuntur.
746 2634 777 2697 8.
807 2633 916 2717 ltaque
944 2631 1018 2698 licet
1039 2632 1189 2712 definire,
1225 2636 1329 2700 locum
1353 2656 1422 2702 esse
1442 2636 1620 2722 argumenti

297 2734 423 2807 sedem;
459 2736 677 2812 argumentum
711 2735 815 2793 autem
851 2729 1040 2801 orationem,
1076 2750 1156 2815 quae
1185 2729 1233 2795 rei
1265 2729 1379 2796 dubiae
1401 2729 1495 2797 saciat
1516 2730 1620 2798 fidem.

259 2841 287 2884 π
297 2824 361 2892 Sed
382 2847 423 2889 ex
444 2825 482 2889 iis
504 2822 600 2896 locis,
625 2821 657 2886 in
680 2823 794 2909 quibus
816 2831 1000 2902 argumenta
1021 2822 1140 2889 inclusa
1161 2832 1250 2900 sunt,
1278 2825 1332 2891 alii
1352 2828 1386 2891 in
1409 2846 1447 2891 eo
1470 2825 1558 2912 ipso,
1581 2825 1622 2894 do

297 2942 360 3008 quo
384 2918 503 3005 agitur,
526 2921 681 2994 haerent,
706 2917 759 2984 alii
781 2926 980 2982 assumuntur
1002 2920 1207 2986 extrinsecus.
1253 2924 1289 2986 In
1310 2923 1380 3007 ipso
1403 2929 1469 2988 tum
1484 2943 1524 2986 ex
1539 2931 1621 2998 tcto,

263 3077 266 3098 ,
296 3024 363 3083 tum
386 3012 590 3099 expertibus
612 3014 695 3088 eius,
728 3021 794 3078 tum
823 3033 864 3078 ex
893 3022 986 3090 nota,
1020 3021 1087 3079 tum
1110 3037 1149 3080 ex
1170 3014 1209 3082 iis
1230 3014 1345 3093 rebus,
1380 3036 1461 3102 quae
1484 3020 1621 3103 quodam

296 3113 394 3176 modo
424 3107 554 3174 allectae
584 3115 656 3174 sunt
688 3109 728 3172 ad
755 3106 805 3183 id,
838 3110 878 3173 de
907 3128 970 3193 qno
1000 3107 1170 3194 quaeritur.
1225 3113 1429 3178 Extrinsecus
1460 3121 1564 3177 autem
1583 3133 1623 3178 ea

298 3209 472 3281 ducuntur,
504 3224 597 3290 quae
613 3205 725 3268 absunt
754 3204 911 3288 longeque
941 3201 1108 3272 disiuncta
1122 3213 1206 3271 sunt.
1251 3208 1282 3275 9.
1306 3207 1368 3272 Sed
1390 3208 1430 3271 ad
1452 3195 1485 3270 id
1506 3213 1619 3285 totum,

261 3299 337 3365 soce
360 3319 424 3385 qno
447 3296 630 3372 disseritur,
655 3306 720 3364 tum
743 3295 881 3362 definitio
904 3299 1088 3375 adhibetur,
1111 3320 1192 3385 quae
1213 3299 1300 3387 quasi
1315 3300 1490 3368 involutum
1505 3301 1623 3367 evolvit

297 3394 349 3472 id,
374 3398 497 3480 dequo
520 3395 705 3480 quaeritur3
739 3392 808 3458 eius
829 3395 1003 3480 argumenti
1031 3393 1099 3459 talis
1128 3401 1175 3459 est
1195 3392 1345 3461 formula:
1382 3397 1435 3460 Ius
1457 3394 1551 3460 civile
1573 3402 1622 3462 est

298 3488 438 3576 aequitas
459 3487 627 3555 constituta
649 3491 702 3562 iis,
736 3490 790 3574 qui
813 3486 953 3553 eiusdem
975 3488 1108 3553 civitatis
1129 3497 1218 3565 sunt,
1251 3488 1292 3554 ad
1314 3510 1364 3554 res
1387 3510 1457 3556 suas
1480 3491 1623 3555 obtinen-

298 3584 372 3663 das;
397 3582 464 3649 eius
485 3592 589 3650 autem
612 3584 776 3669 aequitatis
799 3583 884 3649 utilis
906 3583 1042 3667 cognitio
1059 3591 1124 3648 est:
1148 3583 1233 3649 utilis
1255 3604 1332 3667 ergo
1356 3587 1403 3648 est
1423 3582 1500 3650 iuris
1523 3583 1622 3651 civilis

299 3678 448 3758 scientia3
485 3682 536 3743 10.
567 3685 633 3744 tum
655 3677 790 3764 partium
816 3681 1030 3751 enumeratio,
1063 3698 1145 3764 quae
1174 3686 1323 3745 tractatur
1351 3683 1412 3746 hoc
1439 3680 1552 3744 modo:
1587 3680 1621 3745 si

260 3789 402 3863 esusque
424 3794 520 3839 censu
541 3794 599 3838 nec
614 3774 749 3839 vindicta
764 3793 824 3838 nec
844 3780 1031 3838 testamento
1053 3771 1136 3839 liber
1157 3771 1257 3840 lactus
1279 3782 1345 3852 est,
1368 3794 1433 3839 non
1453 3781 1500 3839 est
1518 3772 1620 3852 liber;

298 3889 400 3957 neque
423 3867 485 3934 ulla
507 3876 555 3933 est
576 3888 684 3933 earum
706 3888 832 3934 rerum:
868 3887 933 3932 non
954 3876 1002 3932 est
1022 3866 1120 3952 igitur
1140 3867 1245 3948 liber;
1285 3879 1350 3936 tum
1378 3869 1515 3944 notatio,
1550 3889 1622 3934 cum

223 3965 227 3968 ’
300 3986 341 4030 ex
362 3960 452 4028 verbi
472 3965 504 4027 ri
525 3970 745 4048 argumentum
767 3960 895 4048 aliquod
918 3960 1057 4040 elicitur,
1080 3965 1142 4029 hoc
1163 3966 1278 4030 modo:
1319 3964 1396 4028 Cum
1417 3961 1470 4028 lex
1492 3960 1620 4028 assiduo

298 4060 457 4126 vindicem
471 4057 630 4124 assiduum
646 4078 715 4124 esse
730 4055 853 4134 iubeat,
876 4059 1066 4144 locupletem
1079 4060 1168 4124 iubat
1187 4059 1354 4143 locupleti;
1377 4055 1515 4144 locuples
1537 4057 1621 4123 enim

368 4291 395 4343 5.
414 4290 669 4355 qcsdemsdabct
685 4291 818 4343 stVallas
844 4291 872 4340 td
891 4289 1062 4352 quictamus.
1095 4315 1122 4326 -
1155 4291 1200 4341 15.
1219 4287 1462 4358 declamantium
1481 4287 1622 4358 τοπικὴο

300 4363 428 4414 librorum
447 4365 578 4425 uestigiis:
599 4361 754 4414 dmucrtcan
771 4387 784 4399 -
798 4388 811 4400 -
828 4363 913 4425 topica
931 4374 989 4412 curn
1008 4362 1081 4413 libris
1100 4363 1232 4426 plerisque
1246 4362 1277 4412 E.
1299 4387 1330 4399 -·
1351 4363 1393 4413 16.
1413 4361 1563 4412 ῑηυωῑοηόἰ
1581 4361 1622 4412 ad

300 4433 352 4490 la,
372 4434 438 4505 Bp:
458 4432 609 4484 inveniendi
626 4447 687 4483 uero
707 4433 761 4487 bd.
781 4431 933 4482 inveniendi
951 4439 1038 4483 cutem
1056 4445 1079 4483 c.
1102 4458 1129 4470 -
1151 4439 1259 4495 quaest
1277 4433 1313 4482 cd
1331 4432 1463 4486 abcde.
1485 4431 1523 4480 B:
1544 4444 1624 4495 quos·

300 4519 348 4572 qus
367 4505 403 4556 cd
421 4504 469 4554 ill.
490 4529 523 4540 -
552 4505 595 4553 22.
617 4516 661 4555 oce
679 4503 729 4554 al:
749 4505 799 4552 dcc
817 4502 837 4552 ll
858 4515 918 4554 cum
939 4507 1033 4554 ceteris
1052 4506 1147 4554 nostris
1168 4511 1273 4564 praeter
1290 4505 1323 4559 d.
1343 4506 1388 4567 qut
1408 4503 1487 4554 habet
1506 4514 1552 4552 cus
1570 4515 1622 4552 rar.

301 4601 333 4612 -
353 4577 397 4626 24.
417 4576 564 4626 oraticnem
582 4574 644 4634 bc,
677 4573 743 4626 God.
773 4573 900 4626 Elnstedl.
927 4573 1049 4626 Boethii:
1080 4576 1212 4626 rationem
1232 4574 1251 4624 ll
1271 4588 1332 4625 curn
1351 4577 1444 4625 cotarls
1462 4575 1568 4622 uostris.
1590 4598 1620 4610 -

300 4645 344 4696 25.
358 4648 391 4696 tta
404 4643 474 4709 (lita)
487 4657 502 4696 a
513 4646 546 4696 d:
567 4645 608 4696 luis
621 4646 640 4695 li
653 4657 713 4696 cum
727 4650 789 4698 cett.
804 4648 908 4697 nostris.
923 4670 956 4679 -
975 4645 1019 4696 2⁵1.
1038 4646 1070 4694 tta
1083 4647 1115 4694 d:
1134 4645 1206 4696 tull
1221 4656 1280 4696 cum
1294 4650 1355 4696 cest.
1370 4657 1397 4695 n.
1415 4667 1442 4682 ·-
1463 4641 1507 4694 29.
1521 4643 1623 4692 ducun-

301 4724 347 4768 tur
365 4717 526 4774 Ascenslus,
546 4715 710 4768 Lambtnuss
742 4715 866 4767 dicentur
885 4717 904 4766 E
924 4728 985 4767 cnm
1005 4715 1088 4766 Codd.
1110 4718 1187 4766 notis.
1216 4739 1247 4752 -
1278 4714 1322 4766 33.
1343 4715 1512 4780 coqoirtcers
1530 4712 1623 4764 abed

302 4792 329 4839 et
347 4798 415 4838 corr.
435 4786 460 4847 l,
479 4788 569 4848 Valla,
590 4788 654 4838 ΒΥ.
684 4789 852 4854 satcoqntra'o
870 4786 936 4845 llll,
964 4785 1228 4850 caputcaput·
1261 4793 1377 4850 crpoest
1395 4783 1520 4842 abccl,
1539 4783 1623 4845 Valla,

302 4856 363 4908 lsv=
384 4863 420 4908 art
433 4871 495 4922 erqo
509 4859 567 4909 dli.
581 4881 612 4895 -
630 4857 674 4910 ³5.
688 4858 820 4910 mooted.
835 4857 1001 4909 acdllalla:
1019 4855 1297 4919 osqusomers-
1312 4855 1356 4908 30.
1376 4856 1483 4906 ultrast
1500 4853 1622 4910 allodi,

236 4965 252 4998 ,
302 4927 395 4982 Valla,
416 4929 527 4979 resulto
546 4929 599 4980 oli.
629 4954 662 4966 —
691 4929 734 4979 ³7.
755 4929 874 4980 omttut
892 4927 1018 4986 alredi,
1038 4928 1126 4988 Valla.
1146 4927 1210 4977 BV:
1239 4927 1357 4978 vionti
1376 4927 1452 4978 oNE.
1473 4949 1507 4960 -
1535 4925 1622 4983 teca,

302 4999 362 5052 BU:
392 4999 435 5048 tec
452 4999 529 5051 latta
547 4999 640 5052 Scotto
658 4999 726 5050 hel.
746 4999 866 5058 ltemll,
885 4998 933 5051 aed
952 4999 1060 5049 seclusis
1078 4997 1208 5051 vv.Ast=·o
1225 4995 1336 5048 Sancto:
1363 4998 1414 5046 alto
1431 4998 1516 5048 scotta
1534 4995 1621 5056 ζωᾶς

302 5069 448 5124 enceinte
467 5078 577 5136 apparet
594 5072 808 5136 antiquissimum
826 5083 884 5123 esse
903 5069 1039 5135 glossema.
1061 5068 1114 5121 Cir.
1133 5068 1246 5120 Dlrlren
1266 5067 1328 5120 ΧΠ.
1350 5067 1443 5132 Tosato
1460 5079 1487 5129 p.
1508 5065 1569 5118 1⁰0.

411 5367 414 5372 1
538 5323 549 5358 i
