3720 5840
674 441 749 504 LlB.
773 440 826 505 lv.
873 441 907 507 C·
932 442 982 504 40.
1004 442 1056 504 41.
1077 441 1130 504 ta.
1156 503 1161 513 ,
1508 445 1549 508 77

223 617 360 684 perans,
390 594 549 682 petulans,
585 599 761 682 superbus3
796 601 912 686 impius
940 601 975 664 in
996 608 1158 686 parentes,
1197 601 1338 683 ingratus
1360 603 1393 664 in
1416 603 1545 678 amicos,

224 693 353 758 infestus
376 693 534 776 cognatis,
563 693 596 756 in
618 695 798 777 superiores
821 703 1008 772 contumax,
1042 697 1074 758 in
1098 715 1218 781 aequos
1242 703 1273 758 et
1294 714 1386 780 pares
1407 694 1549 760 fastidio-

224 811 293 865 sus,
318 792 350 855 in
372 789 539 852 inferiores
554 788 706 861 crudelis,
730 789 867 874 denique
886 790 918 854 in
934 811 1043 854 omnes
1058 788 1276 854 intolerabilis.
1323 792 1374 853 53.
1398 788 1548 855 Eiusdem

224 883 347 968 generis
370 889 418 948 est
438 883 493 944 illa
514 881 741 965 frequentatio,
776 903 856 968 quae
879 885 1048 968 plurimum
1071 886 1335 949 coniecturalibus
1358 887 1459 950 causis
1482 886 1549 970 opi-

223 979 359 1054 tulatur,
393 997 464 1041 cum
492 977 705 1060 suspiciones,
743 997 822 1061 quae
857 981 1022 1062 separatim
1051 981 1153 1043 dictae
1180 982 1317 1044 minutae
1346 988 1378 1043 et
1406 977 1571 1044 infirmae⁵

224 1082 330 1149 erant,
366 1095 464 1136 unum
491 1071 525 1134 in
554 1073 657 1134 locum
688 1079 815 1136 coactae
845 1093 912 1136 rem
934 1074 1082 1137 videntur
1104 1075 1301 1160 perspicuam
1322 1075 1445 1150 facere,
1484 1096 1548 1139 non

224 1169 449 1255 suspiciosam,
472 1167 535 1230 hoc
556 1174 666 1251 pacto:
702 1166 805 1230 Nolite
827 1168 941 1250 igitur,
975 1170 1092 1244 nolite,
1116 1170 1252 1244 iudices,
1286 1190 1342 1243 ea,
1366 1191 1446 1256 quae
1468 1167 1546 1244 dixi,

223 1264 390 1350 separatim
414 1267 577 1346 spectare3
612 1262 793 1326 sedomnia
816 1263 954 1343 colligite
977 1261 1169 1327 etconferte
1191 1265 1355 1328 inunum.
1400 1267 1482 1329 XLI.
1516 1267 1548 1329 Si

223 1368 255 1425 ct
278 1359 479 1421 commodum
512 1354 550 1419 ad
584 1357 677 1420 istum
705 1379 746 1420 ex
772 1357 856 1420 illius
885 1364 987 1420 morte
1014 1355 1163 1422 veniebat
1190 1365 1221 1421 et
1248 1360 1311 1423 vita
1340 1360 1478 1423 hominis
1501 1365 1549 1423 est

223 1453 424 1536 turpissima,
458 1451 580 1514 animus
607 1453 823 1524 avarissimus,
856 1452 1001 1516 fortunae
1030 1453 1199 1518 familiares
1228 1456 1493 1518 attenuatissimae
1517 1462 1585 1518 et1⁰
1661 1465 1664 1474 “

223 1569 273 1613 res
295 1549 354 1611 ista
382 1543 467 1609 bono
495 1544 614 1608 nemini
649 1553 773 1629 praeter
800 1548 893 1610 istum
925 1544 998 1628 suit,
1032 1569 1136 1634 neque
1159 1548 1237 1613 alius
1259 1550 1425 1634 quisquam
1447 1568 1547 1633 aeque

223 1643 388 1706 commode
410 1660 513 1725 neque
534 1641 593 1704 isto
615 1639 684 1706 aliis
707 1640 976 1708 commodioribus
998 1644 1174 1706 rationibus
1194 1640 1300 1708 facere
1321 1645 1423 1729 potuit
1443 1665 1546 1730 neque

222 1736 426 1821 praeteritum
458 1741 507 1799 est
538 1737 578 1797 ab
607 1736 667 1798 isto
699 1735 889 1822 quidquam,
927 1740 1012 1824 quod
1044 1759 1123 1823 opus
1153 1737 1248 1802 fuerit
1275 1739 1314 1801 ad
1344 1738 1546 1813 maleficium,

222 1850 324 1915 neque
353 1827 487 1904 facturn,
527 1831 612 1914 quod
640 1849 720 1911 opus
747 1850 811 1894 non
838 1829 956 1910 fuerit3
993 1840 1025 1897 et
1051 1851 1122 1896 cum
1145 1833 1234 1895 locus
1256 1833 1390 1896 idoneus
1411 1834 1548 1898 maxime

222 1926 398 2011 quaesitus,
433 1932 500 1987 turn
524 1924 648 1988 occasio
671 1927 874 2008 aggrediendi
902 1928 1090 2002 commoda,
1128 1933 1251 2010 tempus
1274 1926 1410 1990 adeundi
1432 1946 1586 2013 oppon-rs

222 2020 436 2092 tunissimum,
471 2020 605 2104 spatium
634 2017 820 2083 conficiendi
848 2019 1065 2104 longissimum
1094 2029 1253 2106 sumptum
1284 2028 1348 2096 θεῖ,
1382 2042 1448 2086 non
1476 2024 1544 2088 sino

223 2117 359 2179 maxima
381 2113 556 2177 occultandi
581 2109 624 2195 [et
644 2110 836 2198 perficiendi]
860 2113 1004 2179 maleficii
1020 2137 1093 2201 spe;
1118 2123 1149 2180 et
1162 2122 1325 2201 praeterea
1341 2124 1427 2191 ante,
1451 2138 1546 2203 quam

223 2211 344 2274 occisus
358 2210 456 2274 homo
477 2209 505 2270 is
527 2213 588 2281 est,
611 2209 671 2271 iste
693 2210 778 2272 visus
801 2213 902 2274 estin
925 2233 963 2274 eo
987 2213 1078 2286 loco,
1102 2212 1134 2273 in
1157 2230 1221 2296 quo
1244 2217 1292 2274 est
1313 2211 1431 2275 occisio
1454 2211 1545 2287 facta,

222 2307 324 2384 solus;
348 2308 453 2392 paullo
474 2312 547 2390 post
567 2306 600 2368 in
622 2307 690 2390 ipso
714 2303 867 2370 maleficio
889 2327 952 2369 vox
973 2307 1075 2380 illius,
1099 2307 1152 2390 qui
1174 2305 1394 2378 occidebatur,
1418 2305 1545 2382 audita3

222 2403 336 2467 deinde
351 2410 422 2488 post
437 2402 628 2465 occisionem
642 2401 735 2464 istum
751 2399 848 2464 multa
862 2408 953 2464 nocte
968 2402 1098 2463 domum
1121 2401 1240 2463 redisse
1263 2407 1395 2474 constat,
1420 2407 1586 2484 posteram

223 2498 274 2561 die
295 2495 466 2561 titubanter
493 2502 524 2559 et
553 2497 767 2560 inconstanter
788 2496 827 2556 de
851 2495 1009 2558 occisione
1032 2493 1117 2558 illius
1138 2494 1296 2571 locutum3
1332 2494 1411 2557 hacc
1433 2492 1547 2579 partim

222 2591 426 2666 testimoniis,
458 2591 572 2675 partim
599 2589 835 2676 quaestionibus
864 2585 908 2672 [et
933 2584 1136 2672 argumentis]
1168 2589 1273 2651 omnia
1301 2589 1548 2672 comprobantur

223 2693 255 2750 et
275 2704 401 2750 rumore
422 2685 546 2770 populi,
575 2703 669 2768 quem
692 2704 732 2746 ex
754 2684 946 2766 argumentis
969 2689 1078 2746 natum
1099 2703 1229 2746 necessa
1253 2690 1299 2746 est
1322 2702 1390 2747 θεεθ
1414 2701 1544 2752 aarum:

222 2787 380 2852 vestrum,
412 2780 552 2851 iudices,
586 2786 649 2852 est,
685 2779 734 2841 his
762 2779 793 2842 in
823 2797 918 2840 unum
947 2778 1053 2849 locum
1086 2778 1228 2852 collatis,
1272 2784 1388 2840 certam
1422 2797 1547 2841 sumere

222 2876 399 2948 scientiam,
433 2896 497 2938 non
527 2873 738 2959 suspicionem
767 2871 923 2937 maleficii.
974 2874 1054 2936 Nam
1075 2893 1171 2936 unum
1195 2872 1313 2958 aliquid
1336 2879 1389 2936 aut
1412 2872 1584 2936 alterumrs

221 2976 325 3055 potest
344 2970 377 3033 in
399 2971 494 3032 istum
516 2988 589 3032 casu
611 2969 761 3032 cecidisse
784 2968 979 3053 suspiciose3
1004 2975 1039 3031 ut
1061 2968 1165 3031 omnia
1187 2968 1270 3031 inter
1291 2989 1324 3030 se
1346 2988 1364 3031 a
1386 2969 1490 3052 primo
1505 2969 1546 3030 ad

220 3068 412 3148 postremum
445 3065 632 3127 conveniant
667 3059 862 3146 [maleficia],
900 3083 1030 3127 necesse
1063 3071 1111 3127 est
1142 3083 1214 3128 casu
1243 3083 1308 3126 non
1338 3082 1431 3148 posse
1465 3059 1545 3127 fieri.

221 3158 399 3224 Vehemens
432 3158 510 3221 haec
544 3165 592 3220 est
625 3158 791 3222 exornatio
821 3165 853 3221 et
885 3158 917 3220 in
946 3158 1150 3221 coniecturali
1180 3158 1401 3221 constitutione
1434 3175 1547 3222 causac

221 3249 320 3316 ferme
354 3271 479 3337 semper
507 3253 683 3317 necessaria
710 3259 742 3317 et
768 3253 801 3316 in
829 3253 942 3316 ceteris
970 3253 1140 3336 generibus
1167 3272 1329 3317 causarum
1352 3251 1438 3316 etin
1460 3251 1547 3316 omni

222 3348 364 3412 oratione
386 3345 566 3412 adhibenda
586 3367 825 3433 nonnunquam.
933 3351 935 3356 '
1557 3367 1584 3407 ro

304 3444 402 3507 XLII.
437 3441 489 3505 bb.
525 3441 685 3528 Expolitio
714 3450 783 3519 est,
819 3461 891 3507 cum
914 3443 951 3514 ¹in
980 3445 1094 3507 eodem
1120 3442 1191 3507 loco
1221 3462 1384 3507 manemus
1407 3451 1439 3510 et
1461 3439 1547 3508 aliud

221 3545 314 3623 atque
340 3537 424 3602 aliud
458 3537 563 3601 dicere
597 3538 750 3601 videmur.
806 3539 849 3602 Ea
881 3535 1048 3622 dupliciter
1075 3535 1129 3612 fit,
1163 3538 1189 3601 si
1218 3543 1273 3602 aut
1292 3539 1431 3607 ¹eandem
1453 3539 1546 3623 plane
1604 3525 1608 3534 ¹

222 3635 361 3697 dicemus
383 3653 450 3696 rem
473 3639 527 3696 aut
549 3633 587 3694 ds
610 3634 721 3695 eadem
734 3653 782 3697 re.
827 3634 966 3696 Eandem
981 3655 1050 3697 rem
1064 3630 1219 3708 dicemus,
1242 3654 1307 3697 non
1322 3635 1434 3698 eodem
1449 3634 1545 3696 modo

223 3722 305 3809 (nam
337 3727 370 3789 id
405 3721 554 3812 [quidem]
584 3727 760 3790 obtundere
793 3725 969 3790 auditorem
992 3735 1053 3802 est,
1090 3748 1155 3791 non
1185 3748 1253 3790 rem
1283 3725 1453 3810 expolire),
1490 3726 1546 3790 sed

186 3877 196 3896 ,
221 3827 423 3883 commutate.
470 3820 737 3884 Commutabimus
751 3819 934 3905 tripliciter:
956 3824 1082 3899 verbis,
1098 3823 1349 3908 pronuntiando,
1368 3822 1542 3885 tractando.
1555 3851 1582 3891 ³5

220 3912 332 3980 Verbis
354 3916 633 3990 commutabimus,
669 3935 755 3989 cum,
790 3936 824 3978 re
853 3915 951 3981 semel
979 3918 1082 3992 dicta,
1117 3919 1232 3981 iterum
1255 3922 1309 3979 ant
1330 3917 1454 4001 saepius
1477 3916 1545 3978 aliis

221 4006 342 4085 verbis,
377 4029 458 4094 quae
480 4011 564 4074 idem
588 4012 725 4083 valeant,
759 4012 869 4074 eadem
891 4033 941 4076 res
964 4012 1159 4096 proferetur,
1190 4014 1253 4075 boc
1274 4012 1387 4075 modo:
1418 4011 1545 4074 Nullum

223 4109 340 4168 tanturn
363 4112 412 4169 est
431 4104 623 4190 periculum,
657 4103 743 4191 quod
771 4105 893 4191 sapiens
921 4126 980 4191 pro
1008 4105 1107 4171 salute
1138 4107 1257 4191 patriae
1280 4106 1440 4169 vitandum
1462 4105 1546 4168 arbi-

290 4325 316 4374 2.
336 4322 446 4386 εἐεῙεεῖεεε
463 4327 583 4390 copnotta
601 4324 752 4376 rabant:
779 4324 888 4387 insertus
907 4327 936 4376 in
954 4332 1082 4390 oopuutor
1101 4329 1133 4378 E.
1162 4352 1190 4362 -
1224 4327 1267 4379 1³.
1292 4335 1329 4378 εεῖ
1348 4327 1381 4377 ob
1399 4327 1452 4376 εἐῖο
1469 4325 1546 4389 quid·

222 4395 450 4459 permanasse
470 4397 668 4461 nequidquam
685 4398 787 4448 ablato
807 4398 846 4457 Β,
875 4399 1019 4461 quidquam
1038 4405 1075 4448 εεῖ
1093 4401 1126 4450 ob
1144 4401 1195 4449 εἐῖο
1214 4399 1246 4448 Ε.
1277 4422 1306 4434 -
1336 4400 1373 4449 θεῖ
1390 4398 1546 4463 maleficium

223 4491 234 4502 ·
250 4489 261 4501 ·
277 4480 331 4518 non
348 4464 429 4528 [uerit
447 4480 498 4516 om.
518 4467 593 4517 PAF.
615 4468 685 4530 (add.
706 4481 757 4531 ως.
780 4467 843 4533 b),
863 4483 944 4533 ειεᾳῖῖε
962 4472 1061 4533 [ectum
1078 4493 1089 4504 ·
1105 4495 1117 4508 ·
1133 4468 1215 4532 [uerit
1234 4482 1286 4520 orn.
1305 4470 1346 4530 ll,
1373 4469 1435 4521 Scb.
1466 4469 1546 4528 (Sunt

223 4541 287 4589 rncrl
314 4551 417 4590 errores
444 4540 493 4587 ortt
520 4551 550 4589 er
576 4539 675 4600 dupltct
702 4553 726 4587 v.
745 4537 847 4602 suerit.)
865 4540 1022 4606 maleficium
1040 4549 1089 4591 cut
1107 4541 1207 4604 sactum
1224 4541 1293 4603 qaod
1309 4551 1365 4591 non
1382 4553 1447 4604 opus
1466 4537 1546 4601 [uerit

223 4606 254 4656 T.
273 4633 307 4642 -
335 4608 378 4659 17.
400 4608 592 4674 atpsrficr'cndt
610 4624 662 4659 orn.
682 4607 747 4659 PFT
765 4615 793 4658 ct
812 4623 851 4672 pr.
871 4611 924 4669 Α..
945 4613 995 4661 dcl.
1016 4611 1077 4662 Scb.
1114 4612 1168 4662 Nos
1187 4613 1352 4664 seclusimus.
1381 4636 1410 4646 -
1444 4610 1486 4660 18.
1507 4615 1546 4661 θεῖ

223 4681 316 4729 occisio
334 4678 463 4730 enarra
484 4681 576 4728 occtu'o
596 4688 634 4730 εεῖ
652 4681 694 4739 ll,
715 4681 809 4728 occisio
826 4681 890 4740 (om.
910 4682 958 4741 εεῖ)
978 4682 1091 4733 Ernestll
1111 4696 1216 4744 operae.
1240 4707 1269 4720 -
1301 4683 1344 4733 aa.
1364 4683 1393 4733 εἐε
1410 4685 1468 4746 ipro
1485 4682 1544 4731 loce

222 4749 341 4814 malefictt
359 4751 395 4807 Τ,
415 4751 446 4800 Ι..
468 4775 496 4786 -
516 4750 560 4799 2⁰.
580 4750 680 4801 εεεῖῖεεε
697 4750 823 4799 Pasas:
843 4751 950 4800 reditus
969 4753 1025 4801 ΑΕ.
1045 4779 1077 4790 -
1093 4761 1201 4816 postero
1218 4753 1254 4814 Ρ,
1276 4755 1305 4803 Ι..
1327 4779 1355 4792 -
1376 4754 1420 4804 22.
1438 4759 1463 4804 εῖ
1481 4759 1543 4802 εεῖῖθ

222 4832 248 4871 v.
268 4823 431 4883 crpummtta
449 4833 501 4869 orn.
521 4821 564 4870 FT
583 4829 609 4872 ct
633 4836 672 4884 pr.
691 4821 721 4871 P.
758 4819 815 4885 (pro
833 4826 857 4871 εῖ
875 4821 899 4870 ll
914 4819 1035 4884 partim.)
1054 4846 1085 4858 -
1104 4827 1297 4890 orpumentotr'r
1321 4824 1377 4879 liri.
1396 4830 1423 4874 ct
1443 4837 1482 4886 pr.
1510 4823 1542 4884 P,

223 4902 276 4939 om.
290 4891 320 4939 Τ.
340 4891 391 4942 Nm
404 4891 568 4944 reclustmus.
587 4890 710 4956 (thetur
721 4891 797 4956 glou.
812 4899 897 4941 ortum
911 4907 941 4943 er
954 4893 1036 4942 altero
1050 4898 1194 4946 tormentis.
1211 4895 1276 4952 Oa.)
1297 4918 1323 4930 ··
1339 4896 1383 4945 tt.
1398 4895 1496 4945 iudices
1506 4901 1543 4944 εεῖ

223 4959 377 5012 ΡΑΒΙῖῖῖΤῖ
396 4970 449 5024 θεῖ,
466 4962 564 5011 iudicor
584 4963 615 5012 ll.
632 4987 662 5000 -
681 4963 725 5013 27.
745 4963 777 5014 V.
796 4961 927 5025 maleficio
945 4964 1053 5016 sactuatt
1072 4965 1110 5025 E,
1132 4968 1183 5017 det.
1205 4968 1225 5015 1.
1245 4973 1271 5017 et
1289 4965 1348 5016 Scb.
1366 4990 1399 5000 -
1417 4965 1460 5015 28.
1479 4967 1543 5014 boec

223 5039 262 5082 εεῖ
280 5029 430 5083 Paneas:
450 5039 487 5081 θεῖ
506 5033 567 5083 boec
585 5033 616 5082 Ε.
638 5059 668 5070 -
687 5035 729 5085 ³2.
748 5035 826 5095 ρῖθεεε
844 5047 896 5083 om.
916 5031 968 5084 FT.
991 5057 1019 5070 —
1040 5034 1082 5086 3³.
1103 5035 1218 5087 dicemur
1235 5049 1291 5086 ram
1304 5035 1388 5094 aaa,
1409 5035 1480 5098 Est,
1499 5035 1540 5088 La

222 5115 279 5158 ῖεεεε
296 5103 407 5156 ultumas
423 5101 523 5156 AFTE.
547 5127 576 5142 -
597 5101 640 5156 at.
660 5102 772 5172 qudem}
791 5106 860 5172 quod
877 5101 916 5169 P,
935 5118 988 5158 om.
1009 5105 1078 5158 ΒΚΤ
1096 5109 1207 5174 alttque.
1243 5107 1297 5160 Nos
1315 5109 1477 5159 seclusimus.
