3714 5844
650 451 727 514 Llll.
751 449 777 512 l.
824 449 857 514 C.
884 449 933 512 11.
957 449 1006 517 12.
1029 449 1079 513 13.
1504 449 1544 512 95

224 607 379 700 potionem
401 615 432 673 et
453 605 714 693 deprecationem.
760 604 909 689 Purgatio
925 615 987 684 est,
1010 627 1082 672 curn
1104 603 1220 672 lactum
1235 605 1432 681 conceditur,
1456 605 1547 692 culpa
1580 610 1591 698 ¹.
1657 606 1667 637 ·’

224 712 415 769 removetur.
461 705 547 767 Haec
561 709 664 789 partes
679 698 773 767 babet
787 710 869 777 tres,
894 701 1150 788 imprudentiam,
1173 721 1296 778 casum,
1318 699 1544 765 necessitatem.

223 799 410 884 Deprecatio
433 805 499 872 εει,
529 817 598 860 cum
620 805 651 861 et
673 815 819 883 peccasse
843 805 874 860 et
900 799 1043 861 consulto
1067 817 1211 883 peccasse
1232 816 1307 861 reus
1329 817 1362 860 se
1384 792 1548 860 confitetur

224 901 257 957 ct
276 899 393 969 tamen,
416 897 450 955 ut
471 889 669 974 ignoscatur,
702 889 856 977 postulat;
889 889 973 973 quod
993 909 1093 974 genus
1115 910 1247 975 perraro
1269 897 1371 976 potest
1392 886 1545 954 accidere.

223 986 365 1052 Remotio
388 983 529 1050 criminis
551 993 615 1062 εει,
649 1005 718 1048 cum
741 986 773 1048 id
795 983 933 1057 crimen,
967 988 1053 1069 quod
1073 983 1229 1060 insertur,
1259 983 1298 1050 ab
1320 1005 1354 1049 se
1377 993 1409 1048 et
1430 985 1469 1046 ab
1492 1003 1571 1051 suae

224 1083 336 1165 culpa,
371 1079 404 1146 ei
435 1087 466 1144 'et
493 1086 647 1166 potestate
674 1079 707 1143 in
736 1077 830 1143 alium
852 1098 925 1143 reus
947 1098 1112 1144 removero
1135 1087 1276 1144 conatur.
1322 1077 1358 1143 Id
1382 1077 1549 1162 dupliciter

224 1174 293 1241 lieri
309 1165 488 1266 poterit,(si
509 1183 563 1239 aut
584 1193 677 1238 causa
699 1180 752 1237 aut
773 1171 888 1237 lactum
910 1176 942 1237 iu
957 1172 1052 1238 alium
1071 1163 1300 1278 transferetur.)
1335 1174 1434 1238 Causa
1450 1180 1550 1236 trans·
1604 1163 1707 1247 ιβ

224 1268 360 1348 feretur,
396 1289 467 1334 curn
489 1268 591 1334 aliena
612 1267 727 1332 dicitur
746 1266 777 1332 ei
800 1276 830 1331 et
852 1275 1005 1350 potestate
1027 1265 1158 1346 sactum;
1192 1268 1309 1334 lactum
1332 1275 1453 1342 autem,
1477 1288 1549 1332 cum

224 1363 302 1430 alius
324 1371 377 1429 aut
399 1361 544 1428 debuisse
566 1371 619 1426 aut
640 1361 778 1447 potuisse
800 1359 905 1426 secere
927 1360 1050 1430 dicitur.
1093 1363 1213 1428 Relatio
1235 1362 1372 1428 criminis
1395 1373 1455 1438 cst,
1478 1381 1549 1427 cum

224 1457 296 1523 ideo
317 1455 385 1524 iure
406 1456 521 1523 lactum
535 1456 664 1530 dicitur,
687 1460 772 1541 quod
786 1456 899 1540 aliquis
914 1465 983 1520 ante
997 1455 1113 1521 iniuria
1128 1454 1307 1522 lacessierit.
1351 1459 1549 1542 Comparatio
1563 1483 1587 1522 ro

102 1545 107 1554 “
225 1558 294 1627 εει,
330 1572 400 1617 cnm
430 1549 514 1616 aliud
543 1548 671 1636 aliquod
701 1549 832 1614 alicuius
860 1548 974 1615 lactum
1003 1559 1123 1616 rectum
1152 1561 1205 1617 aut
1238 1553 1314 1616 utile
1336 1551 1549 1627 contenditur,

226 1647 311 1730 quod
332 1654 368 1712 ut
388 1644 496 1721 fieret,
519 1642 611 1720 illud,
634 1647 719 1728 quod
742 1645 899 1728 arguitur,
923 1642 1039 1709 dicitur
1060 1664 1128 1709 esse
1151 1645 1363 1715 commissum.

314 1743 363 1806 16.
401 1743 438 1806 ln
461 1747 580 1824 -quarta
607 1739 843 1814 constitutione,
880 1760 973 1826 quam
996 1739 1206 1806 translativam
1236 1739 1449 1814 nominamus,
1484 1739 1551 1804 eius

229 1835 458 1902 constitutionis
481 1843 528 1899 εει
549 1833 778 1910 controversia,
809 1853 880 1898 cum
902 1840 955 1898 aut
975 1845 1069 1917 quem
1093 1843 1146 1898 aut
1168 1834 1294 1921 quicum
1316 1843 1370 1900 aot
1391 1837 1551 1918 quomodo

226 1939 280 1998 aut
299 1927 382 2016 apud
404 1948 484 2016 quos
505 1937 559 1993 aut
580 1947 644 2012 quo
666 1927 736 1993 iure
759 1935 812 1993 aut
833 1947 896 2014 quo
917 1935 1060 2013 tempore
1083 1949 1178 2012 agere
1194 1936 1356 2016 oporteat,
1380 1930 1549 2014 quaeritur,
1561 1951 1588 1993 rs

226 2035 280 2092 aut
311 2023 439 2091 omnino
471 2021 589 2107 aliquid
624 2021 662 2086 de
693 2022 936 2087 commutatione
964 2031 1017 2088 aut
1044 2021 1254 2089 infirmatione
1281 2023 1413 2088 actionis
1434 2021 1548 2108 agitur.

227 2122 327 2186 Huius
349 2116 578 2184 constitutionis
599 2119 811 2200 Hermagoras
833 2115 981 2182 inventor
1003 2136 1071 2182 esse
1094 2117 1306 2192 existimatur,
1331 2138 1393 2183 nou
1409 2138 1472 2202 quo
1488 2138 1551 2183 non

226 2215 275 2280 usi
297 2213 360 2279 sint
380 2233 418 2278 ea
439 2221 560 2278 veteres
582 2219 723 2276 oratores
745 2231 839 2293 saepe
860 2211 971 2287 multi,
1007 2215 1062 2276 sed
1084 2211 1242 2298 quianon
1264 2211 1553 2279 animadverterunt

227 2311 304 2374 artis
332 2307 502 2393 scriptores
529 2325 597 2370 eam
624 2303 804 2390 superiores
825 2325 884 2370 neo
905 2307 1094 2370 rettulerunt
1114 2306 1147 2370 in
1170 2326 1335 2371 numerum
1357 2306 1554 2372 constitutio·

121 2396 125 2409 ’
226 2424 313 2469 num.
358 2403 433 2466 Post
454 2407 559 2465 autem
581 2402 621 2463 ab
643 2403 704 2463 boo
726 2399 885 2464 inventam
900 2398 990 2464 multi
1005 2397 1292 2482 reprehenderunt,
1316 2420 1396 2486 quos
1411 2419 1474 2464 uon
1491 2409 1592 2464 mmro

228 2495 438 2582 imprudentia
459 2494 523 2560 lalli
544 2503 706 2581 putamus,
731 2492 793 2574 (res
816 2492 897 2556 euim
920 2491 1088 2576 perspicua
1102 2491 1180 2575 est,)
1205 2513 1297 2579 quarn
1320 2493 1438 2559 invidia
1459 2503 1553 2579 atque

228 2591 452 2657 obtrectatione
474 2588 608 2676 quadam
629 2585 788 2670 impediri.
833 2587 903 2650 xit.
927 2589 967 2650 Et
989 2586 1226 2652 constitutiones
1248 2587 1377 2674 quidem
1399 2596 1431 2652 ει
1446 2609 1553 2654 earum

227 2696 332 2769 partes
360 2684 579 2769 exposuimus3
616 2681 760 2764 exempla
792 2688 896 2745 antem
926 2682 1077 2765 cuiusque
1105 2679 1228 2764 generis
1261 2690 1326 2747 tum
1357 2682 1554 2748 commodius

228 2779 402 2866 euposituri
423 2777 582 2852 videmur,
608 2797 679 2841 cum
700 2775 734 2840 iu
753 2797 850 2841 unum
866 2780 1014 2860 quodque
1031 2795 1142 2839 eorum
1156 2783 1414 2859 argumentorum
1430 2777 1553 2861 copiam

227 2872 382 2940 dabimus.
427 2875 506 2938 Nem
528 2871 765 2955 argumentandi
786 2871 865 2934 ratio
895 2867 1064 2934 dilucidior
1085 2867 1160 2946 crit,
1196 2889 1266 2934 cum
1288 2879 1319 2935 et
1339 2875 1378 2936 ad
1400 2891 1499 2957 genus
1521 2879 1554 2936 et
1564 2896 1591 2938 rs

228 2967 266 3035 ad
288 2967 467 3054 exemplum
490 2986 601 3032 causae
624 2965 727 3030 statim
749 2962 864 3050 poterit
885 2960 1128 3029 accommodari.

315 3068 364 3130 17.
403 3061 631 3128 Constitutione
654 3079 763 3124 causac
792 3067 916 3143 reperta
948 3057 1050 3122 statim
1072 3057 1174 3143 placet
1195 3063 1412 3138 considerare,
1449 3069 1555 3127 utrum

229 3177 321 3226 causa
342 3161 383 3224 sit
403 3154 549 3242 simplex,
586 3174 625 3218 an
647 3153 770 3232 iunota3
809 3161 840 3217 et
861 3151 889 3216 si
909 3149 1014 3217 iuncta
1036 3151 1112 3230 erit,
1151 3162 1256 3220 utrum
1283 3155 1323 3220 sit
1350 3152 1553 3243 expluribus

228 3249 463 3340 quaestionibus
490 3250 611 3324 iuncta,
650 3267 689 3314 an
718 3269 759 3312 ex
787 3246 892 3331 aliqua
921 3247 1167 3331 comparatione.
1213 3249 1353 3333 Simplex
1375 3259 1438 3325 εει,
1473 3271 1554 3338 quae
1623 3265 1626 3272 ’

229 3346 402 3412 absolutam
423 3344 456 3408 in
477 3364 512 3408 se
533 3341 671 3408 continet
692 3362 787 3407 unam
811 3341 1039 3427 quaestionem,
1066 3344 1129 3408 boc
1150 3341 1261 3410 modo:
1297 3345 1467 3412 Corinthiis
1489 3346 1592 3412 bet-n

228 3439 294 3506 lum
322 3437 514 3529 iudicamus,
548 3441 695 3502 annoni
732 3435 903 3502 Coniuncta
926 3456 967 3501 ex
988 3435 1131 3523 pluribus
1154 3438 1401 3522 quaestionibus,
1434 3440 1551 3528 inqua

229 3534 318 3619 plura
341 3540 568 3620 quaeruntur„
585 3533 646 3596 boc
673 3539 782 3617 pacto:
819 3531 928 3597 Utrum
956 3534 1112 3616 Karthago
1135 3532 1293 3612 diruatur,
1329 3556 1368 3600 an
1389 3535 1552 3622 Karthagi-

229 3625 389 3693 niensibus
411 3626 573 3702 reddatur,
597 3647 636 3692 au
658 3645 697 3691 eo
719 3625 842 3692 colonia
864 3625 1047 3691 deducatur.
1093 3628 1141 3691 Ex
1162 3628 1409 3716 comparatione,
1435 3630 1468 3697 in
1491 3651 1553 3716 que

229 3743 287 3809 pcr
314 3720 562 3796 contentionem,
599 3729 704 3787 utrum
734 3725 838 3807 potius
865 3727 919 3786 aut
940 3719 1015 3805 quid
1036 3719 1232 3806 potissimum
1257 3721 1337 3807 [sit],
1374 3724 1554 3809 quaeritur,

230 3819 269 3881 ad
290 3814 372 3881 hunc
393 3817 537 3880 modum:
560 3817 670 3881 Utrum
692 3815 848 3881 exercitus
870 3814 904 3880 in
925 3814 1139 3882 Macedoniam
1162 3826 1268 3882 contra
1283 3818 1461 3905 Philippum
1484 3819 1592 3884 mit-ss

229 3917 330 3986 tatur,
370 3910 424 3996 qui
446 3909 539 3974 sociis
561 3909 601 3974 sit
622 3908 756 3986 auxilio,
794 3929 833 3974 an
854 3917 998 3974 teneatur
1018 3908 1051 3975 in
1082 3909 1185 3986 Italia,
1218 3920 1372 3999 utquam
1401 3912 1555 3979 manimao

230 4013 337 4070 contra
359 4003 566 4069 Hannibalem
588 4007 697 4087 copiae
725 4001 796 4069 siut.
840 4002 960 4068 Deinde
987 4001 1247 4070 considerandum
1276 4015 1338 4082 est,
1373 4006 1406 4072 in
1435 4007 1556 4074 ratione

231 4121 271 4165 an
291 4099 324 4164 in
345 4097 462 4184 scripto
484 4099 524 4165 sit
545 4096 769 4164 controversia.
815 4100 892 4163 Nam
915 4097 1023 4183 scripti
1045 4098 1259 4164 controversia
1281 4109 1328 4164 est
1342 4120 1395 4177 ea,
1417 4122 1498 4185 quae
1514 4122 1554 4167 ex

231 4193 409 4278 scriptionis
436 4213 551 4277 genera
579 4193 728 4258 nascitur.
774 4193 860 4256 Xlll.
892 4192 966 4257 Eius
995 4201 1100 4258 autem
1131 4213 1266 4278 genera,
1304 4215 1384 4282 quae
1413 4205 1556 4282 separata

231 4297 304 4353 sunt
330 4308 350 4352 a
376 4286 666 4363 constitutionibus,
703 4286 840 4373 quinque
868 4295 949 4351 sunt.
993 4291 1068 4352 Nam
1095 4297 1161 4353 tum
1190 4286 1287 4354 verba
1314 4291 1382 4374 ipsa
1409 4289 1593 4357 videnturne

232 4402 303 4447 cum
333 4379 485 4446 sententie
511 4381 671 4469 scriptoris
700 4380 863 4457 dissidere,
901 4390 968 4445 tum
997 4381 1079 4447 inter
1107 4403 1141 4446 εε
1164 4387 1244 4448 duae
1265 4383 1351 4468 leges
1373 4393 1427 4450 aut
1447 4384 1555 4472 plures

231 4475 426 4560 discrepare,
455 4482 520 4540 tum
542 4475 593 4552 id,
623 4474 708 4562 quod
729 4475 877 4561 scriptum
902 4483 963 4552 est,
987 4475 1064 4542 duas
1086 4483 1140 4542 aut
1160 4476 1267 4560 plures
1289 4499 1340 4544 res
1361 4478 1551 4564 significarc;

233 4563 360 4636 tum‘ex
382 4589 438 4643 eo,
470 4568 555 4657 quod
576 4569 725 4657 scriptum
748 4577 810 4644 est,
845 4567 930 4635 aliod
953 4592 1095 4656 quoque,
1131 4574 1216 4658 quod
1237 4593 1301 4639 uon
1322 4574 1470 4660 scriptum
1493 4585 1553 4655 est,

234 4715 1556 4751 mm—

302 4827 345 4880 to.
371 4821 567 4892 ationie1otine
584 4826 664 4879 VAT.
692 4849 723 4864 -
753 4823 795 4877 ta.
820 4827 1065 4878 animadverterant
1082 4851 1093 4865 -
1111 4852 1123 4866 -
1140 4829 1300 4881 rettulerunt
1317 4829 1341 4882 n
1359 4832 1465 4885 tirmem
1491 4833 1555 4886 ectr.

233 4903 322 4950 cont:
350 4898 585 4950 animadverterint
602 4923 614 4935 ·
630 4921 642 4935 ·
658 4897 809 4949 rettulerint
826 4896 949 4948 vestu.
973 4919 1000 4932 -·
1029 4897 1073 4948 2³.
1093 4905 1151 4950 tnrn
1168 4901 1255 4952 PAT:
1286 4907 1347 4954 tnnc
1365 4903 1420 4955 RE.
1449 4929 1478 4942 -
1510 4904 1555 4956 td.

232 4971 368 5022 uideamur
385 4968 463 5019 ΡΑΤ.
483 4991 517 5002 -
543 4967 588 5016 2¹1.
606 4971 697 5018 stetim
715 4971 840 5029 expunxit
857 4966 918 5019 Scb.
939 4965 1097 5031 (Utrumque
1114 4975 1206 5022 stetin
1224 4977 1315 5025 tuetur
1332 4973 1376 5037 V.)
1396 4999 1427 5012 -
1457 4975 1501 5025 at.
1521 4975 1557 5024 eit

234 5039 384 5092 om.l¹1t'l'·
421 5039 474 5091 iios
493 5037 657 5090 seclusimus.
679 5065 707 5077 -
736 5037 780 5094 39.
805 5045 934 5103 eeporotn
950 5045 1014 5092 eunt
1030 5039 1137 5095 aaut:
1167 5049 1229 5096 ennt
1244 5051 1372 5108 renorma
1390 5044 1422 5098 Ε.
1449 5069 1482 5084 -
1508 5044 1554 5098 eo.

234 5117 290 5165 tnrn
308 5111 389 5165 nerto
406 5109 519 5164 aaut:
539 5123 598 5164 curn
614 5109 695 5162 verbo
711 5109 742 5162 ii.
