3746 5850
331 435 394 504 lbl
731 437 962 504 ostruelda
982 439 1248 506 PARTITIONES

331 615 477 686 rogamus
497 601 628 664 nosmet.
642 599 728 684 ipsos
740 608 794 664 ant
807 608 1028 686 percontamur
1042 609 1097 668 aot
1109 600 1298 688 imperamus
1312 607 1367 666 aut
1381 606 1527 685 optamus
1535 648 1546 680 ,
1570 622 1652 690 quac

329 701 401 759 suot
421 713 492 759 cum
513 693 582 760 allis
604 691 818 777 compluribus
840 698 1065 761 sententiarum
1083 703 1278 763 ornamenta.
1323 694 1430 762 Vitare
1444 705 1549 762 autem
1564 700 1652 762 simi-

328 787 492 854 litudinem
513 788 702 873 poterimus,
725 808 789 854 noo
811 809 936 875 semper
956 793 1154 877 aproposito
1177 793 1354 869 ordientes3
1378 799 1410 856 et
1424 789 1451 856 si
1467 812 1531 856 nou
1544 790 1652 858 omnia

329 881 516 967 disputando
537 881 790 950 confirmabimus
812 886 1014 972 breuiterque
1033 887 1209 961 interdum,
1233 905 1314 971 quae
1330 891 1424 952 crunt
1438 887 1515 950 satis
1529 894 1650 972 aperta,

305 996 499 1064 spooemus3
534 980 681 1065 qnodque
704 999 744 1044 ex
765 977 813 1044 bis
836 977 1004 1055 efficietur.
1028 979 1055 1046 si
1076 980 1108 1047 id
1130 989 1274 1068 apertum
1296 979 1352 1057 sit,
1376 1001 1441 1046 non
1462 979 1651 1048 babebimus
1692 1041 1698 1062 ,

326 1093 456 1140 neccsse
478 1093 602 1160 semper
624 1071 821 1138 concludere.
1160 1070 1167 1108 ¹

412 1168 495 1234 xlv.
530 1170 582 1233 18.
605 1171 638 1237 C.
653 1171 687 1232 F.
719 1165 819 1244 Quid,
848 1165 916 1242 illu,
946 1187 1027 1254 quac
1047 1169 1116 1235 sine
1138 1177 1204 1234 arte
1225 1167 1442 1256 appellantur,
1466 1192 1547 1259 quae
1569 1170 1649 1238 iam·

327 1267 444 1331 dudum
465 1269 626 1348 assumpta
646 1260 767 1338 dixisti,
791 1280 964 1347 ecquonam
986 1260 1098 1338 modo,
1121 1281 1294 1348 ecquonam
1309 1262 1379 1330 loco
1397 1264 1474 1330 artis
1488 1266 1650 1350 indigeat?

327 1363 364 1444 C.
378 1361 413 1424 P.
437 1358 493 1424 Illa
514 1378 592 1424 vero
613 1354 769 1440 indigent,
803 1375 862 1421 nec
882 1376 921 1422 eo
945 1355 1090 1422 dicuutur
1111 1357 1179 1422 sine
1201 1366 1284 1435 arte,
1308 1361 1393 1446 quod
1415 1360 1459 1426 ita
1480 1371 1570 1437 suot,
1593 1363 1651 1428 sed

288 1456 413 1539 acquod
436 1474 474 1518 ea
495 1473 558 1517 oon
580 1453 661 1539 parit
682 1451 815 1516 oratoris
837 1471 903 1525 ars,
926 1448 982 1516 sed
1003 1449 1080 1517 loris
1102 1449 1142 1518 ad
1163 1473 1198 1516 se
1213 1454 1315 1518 delata
1329 1461 1432 1519 tamen
1447 1463 1514 1522 arte
1530 1463 1648 1530 tractat,

326 1557 359 1615 et
381 1550 515 1614 maxime
537 1545 734 1613 intestibus.
778 1547 831 1610 49.
867 1548 945 1610 Nam
967 1547 1059 1610 etde
1081 1554 1148 1612 toto
1178 1565 1295 1632 genere
1324 1550 1466 1626 testium,
1501 1569 1595 1636 quam
1616 1551 1649 1616 id

325 1643 365 1708 sit
386 1640 564 1718 infirmum,
599 1660 693 1728 saepe
720 1640 888 1705 dicendum
916 1645 981 1716 est,
1019 1651 1050 1705 et
1070 1649 1255 1725 argumenta
1276 1662 1385 1708 rerum
1408 1664 1477 1709 esse
1500 1647 1648 1732 propria,

323 1735 502 1804 testimonia
523 1734 733 1811 voluntatum3
759 1731 974 1818 utendumque
995 1742 1045 1799 est
1066 1735 1236 1822 exemplis,
1260 1736 1373 1822 quibus
1395 1737 1527 1804 testibus
1549 1741 1650 1805 credi·

323 1840 390 1899 tum
411 1854 475 1899 noo
496 1833 551 1912 sit;
588 1839 620 1896 et
640 1827 680 1894 de
702 1828 833 1912 singulis
856 1829 1004 1905 testibus,
1037 1827 1063 1894 si
1085 1838 1196 1896 natura
1218 1831 1307 1908 vani,
1343 1831 1495 1909 sileres,
1527 1835 1554 1898 si
1576 1855 1649 1900 cum

285 1943 313 1986 ss
324 1925 514 2012 ignominia,
549 1925 576 1989 si
597 1945 670 2011 spe,
704 1925 858 2000 simeln,
891 1921 918 1987 si
945 1921 1124 2002 iracundia,
1159 1927 1185 1990 si
1213 1925 1431 1994 misericordia
1452 1926 1597 2013 impulsi,
1621 1929 1649 1994 si

323 2020 482 2108 praemio,
519 2020 547 2086 si
569 2021 668 2102 qratia
688 2020 835 2095 adducti3
872 2017 1140 2103 comparandique
1166 2022 1330 2108 superiore
1359 2045 1431 2087 cum
1462 2025 1648 2088 auctoritate

323 2119 465 2191 testium,
488 2112 602 2203 quibus
624 2120 728 2177 umen
750 2114 904 2177 creditum
927 2133 990 2178 non
1012 2111 1061 2178 sit.
1107 2117 1158 2184 50.
1183 2116 1284 2200 Saepe
1302 2119 1396 2183 etiam
1412 2115 1647 2203 quaestiouibus

323 2208 532 2277 resistendum
554 2216 615 2284 est,
652 2211 737 2294 quod
760 2215 791 2273 et
812 2206 956 2274 dolorem
977 2204 1133 2291 fugientes
1156 2211 1244 2276 multi
1265 2213 1298 2276 in
1320 2215 1485 2279 tormentis
1507 2211 1648 2280 ementiti

322 2325 474 2392 persaepe
496 2311 569 2370 sunt
589 2305 732 2390 morique
753 2301 930 2369 maluerunt
950 2300 1062 2368 lalsum
1082 2301 1211 2370 latendo
1234 2326 1328 2390 quam
1349 2304 1511 2373 infitiando
1526 2303 1647 2374 dolere.

285 2399 410 2466 canuti
432 2396 526 2465 etiam
547 2418 635 2465 suam
657 2397 753 2466 vitam
774 2398 1001 2484 neglexerunt,
1036 2406 1072 2463 ut
1094 2419 1164 2475 eos,
1199 2401 1254 2484 qni
1284 2399 1333 2466 his
1363 2403 1515 2478 cariores,
1552 2421 1647 2487 qnam

322 2497 383 2581 ipsi
405 2494 466 2561 sibi
489 2502 609 2570 esseut,
638 2491 829 2574 liberareut3
863 2495 917 2558 alii
939 2501 1045 2559 autem
1066 2501 1120 2558 aut
1141 2500 1253 2560 natura
1274 2497 1417 2579 corporis
1439 2504 1494 2563 aut
1514 2515 1648 2562 cousue-

321 2590 430 2658 tudine
458 2587 588 2656 dolendi
616 2594 669 2654 aut
695 2596 783 2654 metu
808 2587 953 2675 supplicii
982 2610 1019 2654 ac
1040 2586 1148 2654 mortis
1170 2587 1235 2654 vim
1256 2598 1487 2657 tormentorum
1508 2590 1645 2678 pertule-

321 2695 413 2767 runt3
449 2685 504 2751 alii
531 2683 674 2750 ementiti
701 2690 773 2749 sunt
800 2684 834 2748 in
862 2702 934 2758 eos,
967 2703 1047 2770 quos
1075 2685 1218 2750 oderant.
1260 2686 1362 2771 Atque
1393 2683 1470 2750 baec
1492 2685 1646 2770 exemplis

321 2779 473 2848 firmanda
494 2786 575 2846 suot.
620 2783 672 2844 51.
697 2781 807 2864 Neque
829 2785 877 2844 est
897 2781 1083 2854 obscurum,
1107 2779 1183 2861 quin
1205 2813 1247 2828 -
1264 2781 1414 2865 quoniam
1430 2781 1463 2845 in
1481 2790 1645 2866 utramque

284 2893 313 2937 ss
323 2883 445 2963 partem
468 2881 540 2940 suot
560 2871 706 2959 exempla
728 2873 850 2938 etitem
865 2874 905 2937 ad
921 2873 1131 2938 coniecturam
1145 2869 1321 2939 faciendam
1334 2875 1397 2940 loci
1415 2877 1505 2941 -in
1521 2885 1646 2941 contra·

322 2969 378 3038 riis
399 2968 557 3036 contraria
571 2965 808 3034 sintsumcoda.
852 2969 955 3053 dtqrm
976 2967 1072 3032 etiam
1094 2966 1225 3034 incurrit
1246 2967 1306 3034 alia
1328 2968 1480 3056 quaedam
1502 2971 1537 3036 in
1558 2972 1647 3037 testi·

322 3067 381 3130 bus
403 3071 435 3130 et
454 3065 488 3130 in
509 3065 746 3149 quaestionibus
768 3062 858 3128 ratio.
903 3065 1005 3147 Saepe
1028 3063 1111 3127 enim
1134 3081 1185 3135 ea,
1216 3082 1297 3148 quae
1319 3065 1510 3142 dictasunt,
1544 3065 1570 3131 si
1590 3073 1645 3132 aut

321 3161 468 3244 ambigue
490 3165 544 3222 aut
565 3157 776 3223 inconstanter
796 3163 851 3221 aut
871 3155 1099 3222 incredibiliter
1122 3157 1204 3222 dicta
1225 3165 1297 3225 sunt
1317 3168 1370 3224 aut
1391 3157 1483 3225 etiam
1499 3159 1590 3228 aliter
1603 3163 1643 3226 ab

321 3251 383 3320 ulio
405 3253 505 3330 dicta,
529 3250 688 3318 subtiliter
707 3250 988 3338 reprehenduntur.

285 3369 313 3412 a·
404 3352 474 3418 XV.
508 3351 560 3414 52.
598 3347 631 3413 C.
652 3348 687 3411 1⁴¹.
716 3349 865 3411 Extrema
886 3344 945 3412 tibi
965 3353 1064 3413 restat
1083 3364 1156 3433 pars
1178 3348 1348 3426 orationis,
1383 3370 1465 3435 quae
1485 3351 1589 3437 posita
1609 3348 1643 3416 in

321 3446 497 3533 perorando
521 3449 582 3520 est,
605 3444 645 3508 de
667 3461 730 3526 qua
751 3461 826 3506 sane
846 3440 942 3508 velim
964 3444 1083 3508 audire.
1130 3441 1165 3507 C.
1186 3443 1221 3507 P.
1245 3443 1382 3511 Facilior
1403 3453 1451 3512 cst
1472 3443 1642 3530 explicatio

322 3538 544 3625 perorationis.
589 3539 668 3602 Nam
690 3543 738 3601 est
758 3534 858 3602 divisa
878 3538 912 3601 in
933 3539 1010 3603 duas
1031 3544 1154 3621 partes,
1178 3535 1452 3624 amplificationem
1467 3549 1500 3606 et
1514 3561 1644 3608 enume-

321 3637 487 3700 rationem.
530 3632 673 3716 Augendi
695 3637 800 3696 autem
822 3637 856 3696 et
874 3630 926 3696 hic
948 3639 996 3696 est
1015 3631 1162 3717 proprius
1183 3633 1272 3701 locus
1294 3633 1326 3698 in
1347 3637 1542 3720 perorando,
1564 3633 1644 3700 etin

322 3751 416 3798 cursu
436 3728 506 3815 ipso
527 3725 678 3792 orationis
700 3725 923 3792 declinationes
945 3727 984 3790 ed
1012 3725 1261 3809 amplificandum
1292 3730 1420 3806 dantur,
1458 3727 1643 3796 confirmata

284 3846 358 3896 aare
381 3825 485 3911 aliqua
505 3830 560 3888 ant
580 3824 780 3908 reprehensa.
826 3824 877 3886 53.
909 3824 965 3886 Est
993 3819 1090 3905 igitur
1117 3819 1316 3909 amplificatio
1339 3827 1467 3910 gratim
1489 3827 1644 3914 quaedam

321 3919 506 3995 affirmatio,
530 3938 610 4004 quse
632 3923 720 3982 moto
741 3914 917 3982 animorum
939 3915 1082 3982 conciliet
1103 3917 1136 3980 io
1157 3915 1289 3984 dicendo
1312 3916 1418 3986 lidem.
1461 3923 1508 3986 Ea
1527 3929 1644 3986 etser-

321 4019 435 4081 borum
457 4033 571 4098 genere
593 4009 755 4077 conficitur
776 4017 808 4076 et
827 4031 946 4077 rerum.
991 4013 1095 4078 Verba
1116 4015 1265 4098 ponenda
1285 4021 1371 4091 sunt,
1399 4034 1479 4102 quae
1500 4013 1565 4080 uim
1586 4017 1643 4079 ba·

321 4113 415 4176 beant
436 4107 609 4173 illustrandi
641 4127 699 4171 nec
726 4104 766 4170 ab
793 4128 853 4172 usu
874 4105 936 4171 siut
957 4105 1174 4184 abhorrentia,
1203 4109 1328 4192 gravia
1348 4110 1461 4194 plena,
1486 4108 1639 4185 sonantia,

320 4207 440 4280 iuncta,
474 4203 572 4278 lacta,
600 4200 833 4286 cognominata,
857 4220 921 4266 nou
940 4203 1079 4286 vulgata,
1103 4202 1275 4289 superlata,
1298 4201 1519 4291 imprimisque
1540 4211 1642 4268 mans-

284 4299 398 4377 nlata‚
419 4318 478 4366 noc
500 4298 535 4365 in
555 4296 685 4382 siugulis
706 4298 829 4377 verbis,
855 4294 964 4363 sedin
986 4295 1232 4377 continentibus,
1256 4299 1374 4378 soluta,
1398 4319 1479 4387 qrrae
1494 4300 1642 4364 dicuntur

389 4561 416 4613 1.
434 4560 506 4625 ipsos
531 4555 610 4608 llbrta
642 4552 733 4619 spec
757 4556 827 4608 conl.
857 4579 887 4594 -·
918 4555 1090 4618 imploramus
1113 4556 1279 4621 flcustoqsro
1303 4564 1411 4611 auctore
1437 4558 1587 4611 Scbotrlos·
1606 4579 1640 4596 -

320 4631 348 4684 a.
368 4624 535 4692 ornamenta]
564 4633 723 4693 aequaeua
746 4627 802 4678 RV.
831 4647 864 4662 -·
892 4625 920 4677 t.
946 4626 1125 4692 coofimsoodo
1149 4629 1340 4692 aopctcdtmca
1358 4629 1404 4682 RV
1431 4637 1458 4682 et
1481 4629 1549 4682 lldd.
1577 4636 1640 4683 ante

321 4704 414 4756 Lamb.
434 4702 478 4769 (Ut
496 4713 560 4760 uos,
580 4695 623 4764 Y.)
643 4722 675 4734 -
693 4699 720 4750 5.
740 4696 853 4764 efficitur
869 4697 902 4747 R.
922 4723 956 4734 -
983 4697 1010 4748 a.
1031 4697 1079 4749 Vs·
1097 4711 1240 4764 ecquonam
1254 4701 1332 4752 modo
1351 4715 1405 4754 om.
1424 4701 1457 4751 B.
1479 4725 1510 4738 -
1540 4699 1568 4752 9.
1586 4701 1641 4751 rint

323 4775 374 4827 Gu·
394 4774 433 4836 V,
459 4772 525 4826 Cod.
544 4769 652 4822 Barbcr.
673 4767 748 4833 prob.
770 4768 912 4820 Garatoolo
930 4768 963 4821 ad
981 4767 1075 4821 lllloo.
1095 4782 1121 4831 p.
1140 4770 1201 4820 154.
1222 4770 1326 4823 Bonon.
1356 4797 1385 4809 -
1418 4771 1462 4823 13.
1494 4767 1598 4838 quibua]
1615 4771 1640 4822 at

321 4845 484 4912 411311.-
517 4843 561 4893 15.
579 4843 603 4892 st
619 4841 739 4895 tentato.
771 4843 795 4891 ss·
810 4839 992 4890 misericordie
1009 4840 1040 4890 B.
1069 4865 1101 4878 -
1132 4839 1176 4890 13.
1200 4855 1281 4906 quom
1298 4843 1439 4908 infitiando
1463 4841 1507 4905 lt,
1538 4842 1636 4893 Aldus:

322 4928 403 4983 paam
419 4927 511 4966 cmm
528 4912 668 4979 tafittoudo
686 4909 765 4961 lvo.
786 4937 816 4948 -
842 4909 887 4960 20.
906 4908 955 4974 bis]
975 4912 1009 4960 tta
1027 4911 1060 4963 u.
1082 4935 1114 4947 -
1140 4911 1184 4961 3-1.
1203 4913 1387 4978 confimscodc
1404 4913 1434 4965 V.
1454 4938 1487 4951 —
1516 4914 1546 4964 ta
1563 4919 1639 4964 utrc-

321 4999 370 5052 que
384 4993 463 5048 parts
479 4987 518 5045 lt.
542 4984 635 5034 Lamb.
657 5007 686 5020 -
717 4980 762 5032 30.
781 4987 864 5033 restet
880 4993 945 5045 pars
963 4981 1029 5034 RV:
1054 4993 1119 5044 pora
1141 4988 1226 5034 restet
1244 4983 1276 5033 u.
1305 5005 1338 5019 -
1368 4985 1412 5036 31.
1432 4983 1532 5036 Facu·
1550 4984 1636 5036 Oxou.

321 5057 415 5109 Lamo.
436 5081 466 5094 -
494 5055 538 5106 33.
558 5053 675 5118 prandio
693 5065 708 5104 s
726 5051 823 5104 Codlce
842 5051 874 5117 (1)
891 5051 984 5103 lumb.
1020 5053 1062 5108 Tu
1080 5053 1127 5105 clr.
1145 5049 1176 5116 δ.
1189 5053 1233 5106 at.
1255 5054 1331 5107 etde
1351 5055 1423 5110 Orat·
1444 5056 1480 5117 3,
1499 5055 1550 5117 lb,
1568 5056 1635 5107 188:

320 5129 417 5196 ttamen
434 5128 647 5193 praenotatorum
664 5125 872 5189 optimorumque
888 5124 1036 5176 cartorum.
