3720 5840
658 415 733 479 LlB.
758 415 812 482 Ill.
857 412 890 484 C.
912 417 966 479 ill.
993 417 1046 480 21.
1070 417 1121 480 22.
1508 414 1551 479 17

226 572 297 638 loco
326 571 515 638 constituere
542 581 668 656 oportet
688 593 799 641 manus
821 577 862 640 ad
884 574 1004 640 caelum
1027 575 1189 641 tollentem
1210 573 1404 649 Domitium,
1442 591 1512 637 cum
1534 591 1552 637 a

227 667 365 750 Regibus
385 667 510 732 Marciis
532 666 608 733 loris
631 668 788 734 caedatur.
834 671 902 732 Hoc
931 669 1014 745 erit,
1053 672 1121 733 Iam
1140 672 1351 734 domuitionem
1376 689 1471 751 regas.
1516 669 1553 731 ln

228 761 328 826 altero
350 760 420 827 loco
442 764 600 848 Aesopum
622 770 654 827 et
676 763 838 828 Cimbrum
861 763 884 844 †
917 761 1083 828 subornari
1105 763 1318 848 Iphigeniam,
1346 764 1553 846 Agamemno-

227 876 300 920 nem
323 865 354 921 et
374 855 560 922 Menelaum.
605 859 673 922 Hoc
695 860 777 934 erit,
801 859 925 922 Atridae
942 867 1067 940 parant.
1120 860 1189 922 Hoc
1211 856 1310 922 modo·
1328 855 1434 922 omnia
1454 858 1553 921 verba

229 958 320 1015 erunt
342 971 502 1033 expressa.
549 953 611 1016 Sed
633 956 711 1017 haec
731 951 901 1036 imaginum
923 951 1131 1017 conformatio
1154 959 1219 1014 tum
1240 951 1344 1026 valet,
1380 951 1405 1015 si
1428 959 1576 1015 natura-⁵
1617 969 1621 977 ’

228 1044 290 1110 lem
313 1045 498 1110 memoriam
521 1045 812 1112 exsuscitaverimus
834 1045 891 1110 bac
912 1047 1094 1123 notatione,
1128 1053 1180 1122 ut,
1217 1065 1311 1110 versu
1332 1044 1454 1130 posito,
1493 1043 1555 1126 ipsi

230 1141 393 1204 nobiscum
420 1143 556 1223 primum
589 1149 782 1205 transeamus
811 1139 860 1204 bis
891 1148 944 1204 aut
977 1149 1025 1204 tar
1057 1161 1130 1205 eum
1163 1160 1307 1215 versum,
1346 1137 1460 1203 deinde
1482 1157 1555 1202 cum

228 1232 418 1318 imaginibus
440 1235 537 1299 verba
558 1235 779 1317 exprimamus.
825 1236 894 1298 Hoc
915 1232 1011 1299 modo
1032 1242 1160 1299 naturae
1176 1232 1386 1319 suppeditabit
1400 1233 1552 1298 doctrina.

229 1328 345 1408 †Nam
377 1336 509 1412 utraque
537 1328 632 1393 altera
660 1338 804 1412 separata
831 1329 935 1394 minus
962 1331 1023 1393 erit
1051 1328 1160 1404 firma,
1198 1330 1242 1393 ita
1264 1337 1367 1394 tamen
1395 1337 1429 1394 ut
1457 1328 1555 1392 mutto

228 1421 298 1508 plus
320 1421 352 1488 in
376 1423 519 1487 doctrina
540 1431 633 1509 atque
655 1431 722 1488 arte
744 1423 892 1506 praesidii
914 1423 964 1489 sit.
1007 1423 1099 1501 Quod
1122 1427 1237 1488 docere
1258 1443 1323 1488 non
1339 1443 1553 1507 gravaremur,
1566 1435 1593 1478 ¹⁰

229 1517 264 1580 ui
285 1525 514 1593 metueremus,
538 1537 601 1593 ne,
626 1539 697 1582 cum
719 1521 757 1582 ab
782 1517 922 1582 instituto
943 1525 1052 1582 nostro
1069 1517 1328 1595 recessissemus,
1353 1519 1456 1583 minus
1471 1538 1556 1584 aom-

230 1609 324 1676 mode
345 1618 524 1677 servaretur
544 1616 622 1676 haec
642 1611 777 1677 dilucida
799 1611 934 1677 brevitas
957 1611 1199 1698 praeceptionis.

314 1709 366 1770 25.
389 1711 494 1781 Nunc,
516 1706 665 1790 quoniam
687 1705 768 1772 solet
789 1705 947 1779 accidere,
970 1715 1005 1772 ut
1026 1705 1178 1792 imagines
1198 1706 1313 1794 partim
1334 1705 1443 1772 firmae
1465 1716 1497 1773 et
1518 1709 1557 1772 ad

230 1799 420 1866 monendum
442 1799 575 1865 idoneae
597 1800 677 1876 sint,
699 1800 811 1886 partim
833 1799 1009 1866 imbecillae
1032 1810 1063 1865 ct
1084 1800 1245 1878 infirmae,
1267 1821 1347 1887 quae
1369 1802 1423 1866 vix
1438 1821 1559 1866 mamo-

231 1896 309 1961 riam
330 1895 452 1980 possint
473 1895 630 1973 excitare,
661 1898 784 1983 quade
806 1915 901 1960 causa
920 1905 1088 1981 utrumque
1110 1894 1177 1972 liat,
1209 1895 1470 1961 considerandum
1493 1905 1595 1974 est;¹⁵

230 1998 281 2064 ut,
304 1989 428 2072 cognita
450 2009 559 2062 caasa,
588 2009 665 2076 quas
688 1989 820 2056 vitemus
843 1999 874 2055 et
896 2011 972 2077 quas
994 2009 1163 2076 sequamur
1183 1989 1353 2076 imagines,
1384 1990 1464 2055 scire
1485 2011 1560 2076 pos·

232 2083 339 2148 simus.
381 2086 482 2152 xxti.
503 2087 602 2148 Docet
624 2083 721 2168 igitar
741 2104 799 2149 nos
820 2084 887 2171 ipsa
916 2091 1042 2158 natura,
1077 2083 1151 2171 quid
1184 2093 1329 2171 oporteat
1359 2081 1438 2149 lieri.
1481 2089 1559 2149 Nam

231 2179 259 2244 si
281 2199 358 2266 quas
378 2199 432 2243 res
452 2177 485 2242 in
507 2177 570 2243 vita
592 2176 735 2243 videmus
756 2199 885 2264 parvas,
908 2177 1055 2251 usitatas,
1078 2176 1290 2262 quotidianas,
1314 2199 1366 2242 eas
1381 2176 1560 2243 meminisse

232 2294 295 2339 non
317 2273 474 2350 solemus;
503 2281 672 2359 propterea
694 2273 779 2359 quod
800 2273 884 2338 nulla
906 2271 966 2336 nisi
986 2291 1068 2336 nova
1090 2280 1143 2336 aut
1165 2271 1340 2338 admirabili
1363 2294 1399 2337 ro
1421 2293 1560 2339 commo-

231 2377 323 2434 retur·
344 2367 473 2434 animus.
515 2374 555 2432 At
575 2367 603 2432 si
624 2366 699 2453 quid
722 2370 863 2432 videmus
885 2374 939 2431 aut
960 2365 1103 2430 audimus
1126 2367 1253 2450 egregie
1275 2377 1367 2454 turpe
1389 2376 1442 2432 aut
1460 2371 1597 2432 bone-eo

233 2471 334 2538 stum,
367 2461 567 2536 inusitatum,
596 2481 761 2546 magnum,
791 2460 990 2535 incredibile,
1021 2460 1204 2534 ridiculum,
1235 2459 1269 2526 id
1297 2461 1350 2526 diu
1380 2461 1560 2526 meminisse

233 2555 464 2621 consuevimus.
521 2558 663 2639 Itemque
692 2577 769 2641 quas
800 2575 854 2620 res
881 2565 951 2619 ante
981 2575 1037 2619 ora
1068 2555 1212 2620 videmus
1247 2564 1301 2620 aut
1335 2559 1421 2641 quod
1449 2574 1562 2620 recens

233 2650 426 2725 audivimus,
449 2647 666 2715 obliviscimur
687 2651 890 2736 plerumquc;
919 2671 1000 2736 quae
1022 2649 1203 2715 aeciderunt
1224 2649 1256 2714 in
1277 2651 1429 2736 pueritia,
1453 2651 1562 2716 memi-

233 2749 336 2810 nimus
357 2745 475 2830 optime
497 2764 607 2830 suepe3
645 2765 702 2809 nec
731 2744 791 2809 boa
820 2745 879 2809 alia
901 2744 940 2810 de
962 2765 1053 2810 causa
1076 2754 1178 2830 potest
1199 2743 1359 2822 accidere,
1393 2743 1454 2810 nisi
1476 2749 1561 2830 quod

233 2841 366 2904 usitatae
387 2861 440 2905 res
460 2839 551 2904 facilc
573 2860 591 2903 e
613 2840 765 2904 memoria
788 2837 971 2912 elabuntur,
1008 2838 1144 2923 insignes
1172 2849 1202 2904 et
1225 2860 1325 2905 novae
1346 2848 1471 2905 manent
1493 2839 1599 2905 ‹liu-2⁵

234 2935 305 3001 tius.
349 2938 400 3001 36.
440 2932 521 2999 Solis
550 2941 696 3007 exortus,
730 2954 855 3008 cursus,
889 2953 1017 2999 occasus
1045 2953 1139 2998 nemo
1170 2932 1358 3010 admiratur,
1394 2942 1562 3020 propterea

235 3028 321 3117 qnod
342 3027 483 3115 quotidie
506 3026 603 3106 fiunt;
636 3035 668 3092 at
689 3027 819 3114 eclipses
841 3027 916 3093 solis
938 3031 1111 3104 mirantur,
1147 3027 1220 3114 quia
1241 3049 1316 3094 raro
1338 3025 1500 3105 accidunt,
1532 3036 1564 3094 et

235 3122 311 3188 solis
333 3121 463 3208 eclipses
484 3122 584 3207 magis
606 3122 760 3188 mirantur
781 3143 873 3210 quam
896 3123 1002 3195 lunae,
1025 3131 1195 3208 propterea
1211 3128 1297 3208 quod
1312 3123 1370 3188 bac
1384 3121 1564 3189 crebriores

236 3223 317 3282 sunt.
363 3220 463 3282 Docet
483 3238 561 3302 argo
583 3237 617 3282 se
639 3226 749 3283 natura
770 3217 892 3303 vulgari
913 3220 1075 3282 musitata
1097 3237 1133 3280 re
1155 3236 1218 3282 non
1240 3217 1423 3283 exsuscitari
1433 3229 1448 3294 ,'
1474 3217 1564 3283 novi-

236 3319 298 3376 tate
320 3318 351 3374 et
372 3310 487 3396 insigni
508 3310 644 3396 quodam
666 3311 794 3398 negotio
815 3310 1019 3377 commoveri.
1065 3310 1209 3377 Imitetur
1230 3331 1281 3376 ars
1303 3311 1399 3396 igitar
1420 3321 1562 3378 naturam
1573 3333 1601 3375 aa

237 3417 286 3480 et,
319 3405 405 3493 quod
434 3426 472 3470 ea
493 3405 669 3482 desiderat,
705 3407 862 3485 inveniam
897 3404 983 3490 quod
1011 3406 1165 3482 ostendit,
1201 3416 1361 3492 sequatur.
1404 3407 1489 3473 Nihil
1518 3415 1565 3472 est

238 3502 339 3578 enim,
374 3499 460 3587 quod
490 3510 542 3565 aut
569 3510 680 3566 natura
702 3511 878 3567 extremum
899 3500 1054 3567 invenerit
1075 3511 1129 3566 aut
1151 3499 1293 3566 doctrina
1314 3500 1472 3587 primum;
1508 3503 1564 3566 sed

237 3616 345 3661 rerum
366 3595 519 3682 principia
541 3592 581 3659 ab
603 3595 728 3678 ingania
749 3595 890 3681 prolecta
913 3603 1005 3671 sunt,
1043 3593 1095 3679 [et]
1120 3595 1223 3660 exitus
1246 3595 1409 3681 disciplina
1440 3615 1566 3682 compa·

237 3701 355 3756 rantur.
401 3693 452 3755 37.
492 3692 646 3774 Imagines
679 3689 777 3775 igitur
809 3711 866 3756 nos
894 3690 926 3755 in
954 3712 993 3756 eo
1022 3710 1138 3773 genere
1171 3690 1361 3756 constituere
1394 3688 1562 3776 oportebit,

239 3788 324 3873 qaod
346 3805 446 3869 genus
468 3803 594 3849 manere
616 3783 650 3848 in
671 3785 824 3850 memoria
846 3783 1017 3850 diutissime
1039 3793 1151 3870 potest.
1197 3784 1232 3850 ld
1254 3783 1391 3860 accidet,
1423 3783 1450 3849 si
1472 3803 1603 3871 quamn

239 3879 374 3945 maxime
397 3886 516 3944 notatas
537 3878 754 3945 similitudines
777 3879 1017 3958 constituemns;
1041 3881 1067 3944 si
1089 3899 1152 3944 nan
1174 3887 1277 3946 mutas
1298 3900 1357 3945 nec
1377 3899 1488 3966 vagas,
1510 3883 1567 3945 sed

309 4043 336 4092 Ε.
356 4044 466 4106 Regibus
478 4041 620 4094 Graeviusa
640 4043 742 4108 regibus
761 4056 819 4092 cum
839 4041 923 4094 Codd.
946 4043 977 4093 E.
996 4067 1025 4078 -
1046 4041 1071 4092 3.
1092 4043 1234 4093 subornari
1246 4043 1398 4094 baanna:
1419 4044 1567 4094 subornare

241 4114 272 4164 E.
308 4115 393 4164 Locus
413 4121 452 4164 est
471 4115 641 4175 desperatus:
662 4121 814 4163 varietatem
834 4115 893 4164 vtde
913 4118 938 4162 tn
952 4113 1303 4176 literato-Oudendorpiane
1322 4124 1348 4166 et
1362 4120 1386 4164 tn
1403 4114 1565 4179 Progremm.

242 4186 332 4235 Turta.
354 4199 378 4235 a.
398 4183 493 4242 rate..
514 4200 545 4236 ex
563 4199 615 4246 aua
634 4183 741 4235 tortasse
763 4185 812 4234 boc
832 4185 936 4245 pradtt:
963 4186 1107 4234 subornari
1124 4187 1153 4232 tn
1172 4185 1336 4247 Iphigeniam
1354 4183 1567 4249 (tmmolendem)

241 4271 259 4304 a
278 4256 418 4307 Calchante
437 4257 655 4318 Agamemnonem
668 4261 691 4305 et
703 4256 860 4308 altenetaum.
880 4253 1063 4318 (subornatum
1083 4259 1188 4318 agentes
1207 4256 1371 4318 lpbr'geniam
1388 4255 1524 4319 Ltndem.)
1536 4280 1567 4293 -

241 4327 268 4376 8.
288 4321 498 4391 suppeditantem
516 4327 596 4386 PAF,
616 4326 647 4375 1..
676 4351 707 4362 -
734 4327 761 4376 9.
780 4327 848 4376 llam
875 4324 937 4388 aab]
968 4327 1017 4376 llic
1037 4341 1144 4388 querque
1164 4326 1236 4378 locas
1261 4336 1369 4390 propter
1393 4329 1568 4389 multiplicem

243 4398 302 4448 lect.
323 4400 475 4448 vertetatem
495 4411 599 4460 prorsus
620 4401 734 4448 lacertus
748 4403 795 4448 est.
834 4396 868 4446 Ut
886 4411 949 4458 nos,
970 4397 1008 4446 E:
1030 4396 1076 4447 sed
1090 4395 1140 4445 luit
1152 4405 1213 4446 aut:
1233 4413 1297 4447 nam
1309 4403 1421 4464 arrogas
1433 4399 1466 4449 ab
1480 4400 1569 4448 attera

242 4475 372 4531 separata
389 4470 475 4515 minae
492 4469 542 4518 erit
559 4467 652 4532 fimum·
679 4473 740 4516 eut:
768 4481 832 4516 nam
850 4475 961 4531 atraque
977 4483 1010 4517 ea
1028 4464 1083 4528 (ab)
1101 4469 1186 4518 attera
1199 4475 1300 4529 parata
1318 4471 1407 4532 magis
1424 4473 1474 4521 erit
1491 4470 1569 4533 firma

242 4540 320 4598 Sem,
340 4539 380 4590 ret
397 4539 485 4586 minue
502 4540 553 4587 erte
571 4539 695 4604 infirma,-
715 4545 776 4586 eata
795 4552 860 4587 nam
876 4547 988 4602 atraque
1003 4539 1082 4589 atteri
1094 4547 1251 4600 comparata
1268 4536 1403 4602 (gepacrr)
1420 4543 1507 4603 magle
1518 4543 1570 4590 ene

242 4610 319 4676 firma
337 4607 504 4672 (comparata
523 4609 602 4660 babet
621 4608 668 4671 Α).
706 4607 773 4657 tha
800 4608 998 4661 literato-Oua.
1019 4609 1152 4672 etl’rogr.
1177 4609 1241 4658 Tur.
1264 4633 1291 4644 -
1321 4611 1365 4661 tt.
1385 4611 1568 4662 imbaee'tlael’

244 4688 270 4730 et
288 4681 341 4730 duo
360 4679 484 4744 Grgpbtt:
514 4679 651 4730 imbecillae
677 4690 737 4728 curn
764 4683 857 4730 ceterts
881 4680 912 4730 Ε.
940 4706 971 4716 -
1001 4681 1045 4730 21.
1064 4677 1219 4741 ridiculam]
1245 4682 1421 4744 periculosum
1440 4683 1461 4732 B
1481 4689 1507 4733 et
1524 4682 1568 4732 ettt

243 4752 372 4802 nannultt.
393 4774 423 4786 —
451 4750 495 4798 22.
516 4758 562 4800 aut
582 4746 662 4816 gaad]
681 4755 710 4799 ut
726 4750 795 4812 gaad
813 4746 850 4808 (tn
870 4751 971 4810 rasura)
990 4749 1027 4808 P,
1047 4755 1076 4798 ut
1093 4751 1165 4814 guod
1182 4751 1228 4800 ΑΤ
1249 4760 1275 4802 et
1292 4748 1434 4814 (superscr.
1455 4753 1513 4815 aut)
1530 4753 1567 4810 F,

243 4831 267 4873 et
286 4818 356 4884 (stne
375 4817 454 4885 guod)
472 4820 510 4877 R,
531 4827 578 4870 aut
597 4823 667 4880 (eine
684 4819 762 4883 gaad)
780 4818 833 4868 BE·
854 4845 885 4857 -
905 4833 992 4871 recena
1010 4820 1100 4870 ΑΕΕΤ
1119 4829 1146 4871 et
1163 4833 1231 4875 corr.
1248 4823 1285 4871 P:
1306 4837 1358 4872 om.
1373 4837 1460 4874 reeens
1479 4825 1524 4875 bb
1543 4829 1570 4876 et

244 4907 284 4956 pr.
299 4893 327 4942 Ρ.
350 4914 382 4925 -·
399 4892 444 4941 33.
464 4891 614 4941 audivimus
632 4891 782 4941 Paeana:
803 4890 926 4940 audimus
945 4891 975 4940 E.
997 4916 1028 4926 -
1047 4890 1090 4940 28.
1110 4898 1251 4955 propterea
1269 4894 1340 4956 gaad
1355 4895 1485 4944 PAFRT:
1505 4909 1569 4959 guo-

243 4965 317 5014 ntam
334 4961 389 5012 ΒΕ.
409 4985 439 4998 -
469 4961 512 5012 30.
531 4975 576 5012 are
593 4963 676 5026 tgitar
694 4962 751 5011 PF:
777 4961 861 5024 igitur
878 4974 923 5010 are
942 4961 1044 5010 abab.
1064 4957 1141 5023 (ergo
1159 4977 1205 5013 are
1223 4963 1269 5026 T.)
1292 4990 1320 5001 -
1349 4963 1392 5014 33.
1414 4975 1438 5016 et
1457 4979 1509 5016 orn.
1527 4979 1566 5027 pr.

244 5034 280 5095 P,
299 5045 330 5085 ac
348 5034 381 5083 da
400 5034 515 5086 Ernesttt
535 5037 633 5093 suapte.
653 5033 715 5083 san.
752 5031 805 5082 Noe
832 5035 995 5084 seetuetmus.
1021 5051 1054 5067 -
1085 5029 1129 5082 36.
1147 5039 1256 5084 notatae
1277 5035 1313 5092 B,
1344 5037 1448 5092 codtces
1467 5036 1571 5102 aliquot

247 5105 444 5170 Oudendorptt,
465 5104 517 5160 dno
536 5101 605 5170 (ΑΕ)
624 5103 815 5170 Ltudemannt,
835 5103 969 5170 interpres
989 5101 1104 5157 Graecus
1117 5116 1125 5154 a
1140 5111 1220 5158 notae
1238 5105 1385 5159 barasa.
