3742 5852
296 399 360 502 aaa
868 439 872 445 -
904 398 1056 467 onurus

296 562 351 648 qui
380 559 579 648 eloquentiae
606 577 701 626 verae
729 559 782 626 dat
809 577 959 647 operam,
998 564 1050 627 dat
1076 561 1279 646 prudentiae,
1313 583 1376 652 qna
1404 583 1444 630 ue
1474 565 1620 634 marinus

296 653 424 742 quidem
446 655 480 721 in
500 653 594 722 bellis
613 677 717 743 aequo
740 658 845 722 animo
868 673 978 722 carere
999 656 1164 742 quisquam
1192 664 1306 741 potest.
1352 661 1405 724 Tb.
1437 661 1620 738 Praeclare,

295 749 442 836 inquam,
476 755 588 824 Brute,
623 751 718 829 dicis,
754 771 858 838 eoque
880 750 979 836 magia
1001 753 1059 817 ista
1081 751 1205 817 dicendi
1226 752 1321 818 laude
1344 752 1500 830 delector,
1537 759 1622 843 quod

297 854 418 920 cetera,
454 865 536 931 qnae
563 855 636 911 sunt
664 850 822 933 quondam
849 846 957 911 habita
984 847 1017 912 in
1045 847 1170 913 civitate
1192 850 1424 932 pulcherrima,
1460 872 1553 915 nemo
1576 859 1624 917 est

274 948 361 1004 aum
382 939 528 1017 humilis,
553 945 606 1027 qui
628 961 662 1006 se
683 963 749 1007 non
771 950 825 1006 aut
844 959 939 1028 possa
961 942 1091 1024 adipisci
1112 949 1168 1007 aut
1183 945 1330 1030 adeptum
1345 952 1450 1028 putet:
1473 943 1623 1031 eloquen-

296 1041 360 1098 tem
381 1033 539 1100 neminem
561 1035 654 1102 video
677 1034 791 1102 lactum
814 1056 882 1101 esse
904 1036 1046 1100 victoria.
1089 1039 1152 1102 Sed
1173 1057 1236 1123 quo
1260 1036 1381 1106 facilius
1403 1059 1509 1105 sermo
1525 1040 1624 1126 expli·

297 1136 400 1205 cetur,
425 1132 587 1206 sedentes,
613 1131 640 1194 si
661 1127 804 1206 videtur,
828 1149 966 1215 agamus.
1010 1131 1087 1194 Cum
1107 1130 1192 1197 idem
1214 1131 1383 1221 placuisset
1401 1133 1483 1211 illis,
1505 1142 1570 1199 tum
1588 1133 1623 1200 in

296 1223 421 1308 pratulo
444 1230 574 1310 propter
594 1222 731 1288 Platonis
752 1229 886 1289 statuam
908 1223 1116 1292 consedimus.

380 1322 437 1384 25:
468 1319 529 1382 llic
555 1336 634 1401 eqo:
673 1314 816 1382 Laudare
847 1317 944 1402 igitur
974 1317 1185 1405 eloquentiam
1213 1330 1246 1386 et
1269 1329 1385 1410 quanta
1412 1323 1459 1389 vis
1487 1324 1529 1389 sit
1556 1327 1622 1392 eius

259 1427 288 1468 1⁰
298 1431 486 1496 expromere
507 1419 718 1498 quantamque
740 1413 803 1488 eis,
834 1414 888 1498 qni
910 1414 971 1478 sint
993 1435 1061 1478 eam
1084 1418 1260 1492 consecuti,
1290 1418 1472 1501 dignitatem
1494 1417 1620 1496 allerat,

297 1528 400 1593 neque
431 1508 627 1593 propositum
659 1505 752 1571 nobis
780 1513 828 1570 est
855 1509 918 1572 hoc
945 1508 1017 1571 loco
1046 1530 1149 1593 neque
1178 1513 1402 1577 necessarium.
1448 1515 1517 1578 lloc
1545 1534 1621 1578 voro

298 1603 365 1668 sine
394 1601 459 1667 ulla
486 1599 680 1667 dubitatione
709 1598 977 1678 confirmaverim,
1014 1601 1081 1667 sive
1107 1602 1159 1670 itta
1182 1611 1249 1668 arte
1271 1606 1410 1686 pariatur
1431 1605 1534 1691 aliqua
1557 1608 1623 1671 sive

299 1699 524 1762 exercitatione
545 1699 680 1782 quadam
701 1699 769 1762 sive
790 1703 916 1772 natura,
937 1716 1006 1761 rem
1027 1715 1121 1760 unam
1142 1717 1213 1761 esse
1234 1699 1375 1764 omnium
1395 1697 1621 1770 difficillimam,

299 1791 422 1869 Quibus
444 1791 527 1855 enim
550 1812 591 1856 ex
615 1789 752 1876 quinquo
772 1793 868 1856 rebus
890 1799 1033 1856 constare
1054 1789 1186 1867 dicitur,
1211 1811 1320 1856 earum
1343 1813 1405 1858 una
1420 1813 1562 1882 quaeque
1576 1801 1625 1860 est

260 1897 350 1952 flers
370 1887 439 1970 ipsa
459 1901 571 1969 magna
593 1904 652 1971 per
673 1903 752 1950 sese.
796 1887 901 1962 Quare
924 1883 1062 1970 quinque
1082 1886 1195 1950 artium
1210 1905 1381 1952 concursus
1395 1891 1621 1965 maximarum,

299 1989 446 2068 quantam
466 1981 530 2045 vim
552 1987 763 2066 quantamque
784 1977 996 2046 difficultatem
1023 1977 1155 2055 babeat,
1191 1979 1363 2045 existimari
1390 1990 1505 2065 potest.
1551 1987 1619 2049 Vll.

299 2079 350 2140 aa
372 2079 474 2140 Testis
497 2081 545 2140 est
566 2075 711 2148 Graecia,
737 2093 911 2159 quaecum
933 2072 1133 2159 eloquentiae
1156 2077 1260 2140 studio
1282 2077 1323 2140 sit
1342 2074 1469 2143 incensa
1483 2077 1624 2142 iamdiu·

300 2190 361 2255 quc
389 2168 522 2235 excellat
550 2169 584 2234 in
614 2187 651 2234 ca
678 2176 876 2255 praestetque
902 2170 1032 2241 ceteris,
1069 2174 1173 2232 umen
1195 2188 1306 2234 omnes
1326 2180 1410 2235 artes
1432 2174 1619 2238 vetustiores

298 2263 395 2329 habet
415 2273 447 2328 et
467 2265 566 2329 multo
589 2271 661 2328 aute
682 2283 746 2328 non
766 2265 909 2328 inventas
926 2265 1043 2338 solnm,
1066 2260 1121 2327 sed
1137 2265 1230 2328 etiam
1246 2265 1413 2346 perlectas,
1424 2283 1531 2352 quarn
1547 2270 1625 2331 hacc

126 2362 148 2450 μ’
260 2367 348 2424 coest
371 2355 401 2468 [a
422 2356 561 2444 Graecis]
586 2354 747 2423 elaborata
768 2356 892 2422 dicendi
915 2359 962 2422 vis
984 2365 1077 2443 atque
1099 2354 1218 2448 copia.)
1242 2360 1278 2422 ln
1294 2379 1388 2443 quam
1403 2379 1474 2425 cum
1489 2360 1623 2438 intueor,

298 2437 435 2519 maxime
459 2452 535 2518 mihi
557 2459 746 2530 occurrunt,
781 2452 902 2529 Attice,
937 2459 968 2516 et
990 2450 1079 2537 quasi
1099 2451 1203 2516 lucent
1225 2455 1363 2517 Athenae
1386 2460 1475 2530 tuae,
1507 2476 1568 2541 qua
1590 2457 1622 2520 in
1748 2531 1749 2535 Ἰ
1867 2457 1868 2470 ³

298 2550 378 2614 urbe
399 2547 537 2632 primum
558 2569 593 2612 se
615 2555 723 2613 orator
745 2545 856 2612 extulit
883 2548 1082 2631 primumque
1111 2547 1207 2610 ctiam
1230 2549 1441 2612 monumentis
1463 2554 1495 2612 et
1515 2547 1624 2615 litteris

299 2641 400 2709 oratio
431 2649 479 2708 est
507 2648 620 2726 coepta
646 2643 800 2707 mandari.
845 2644 897 2705 27.
934 2643 1050 2704 Tamen
1080 2647 1153 2704 anta
1180 2640 1353 2717 Periclem,
1390 2645 1480 2706 cuius
1508 2645 1624 2727 scripta

299 2742 451 2824 quaedam
480 2737 645 2814 seruntur,
679 2743 711 2801 et
733 2736 964 2824 Thucydidem,
1000 2737 1054 2822 qni
1076 2755 1140 2798 non
1161 2738 1360 2800 nascentibus
1387 2737 1535 2811 Athenis,
1570 2736 1624 2802 sed

260 2833 360 2898 asiam
394 2830 508 2898 adultis
536 2829 679 2904 luerunt,
716 2832 820 2895 littera
848 2829 933 2894 nulla
962 2836 1025 2902 est,
1059 2849 1139 2915 quae
1169 2830 1295 2915 quidem
1318 2841 1463 2896 ornatum
1487 2831 1622 2918 aliquem

297 2925 410 2992 babeat
433 2936 464 2992 et
485 2925 619 2992 oratoris
641 2945 710 2990 esse
731 2927 888 2990 rideatur.
934 2925 1131 3009 Quamquam
1164 2926 1350 3010 opinioest
1378 2936 1410 2992 et
1438 2947 1530 3003 eum,
1570 2929 1623 3014 qui

297 3023 403 3086 multis
425 3020 514 3086 annis
537 3027 608 3084 ante
630 3017 689 3084 bos
711 3016 821 3095 luerit,
845 3018 1037 3085 Pisistratum
1060 3027 1091 3083 et
1112 3017 1216 3104 paullo
1239 3023 1397 3086 seniorem
1420 3023 1514 3085 etiarn
1534 3022 1624 3087 Solo-

296 3136 369 3180 nem
392 3123 563 3201 posteaque
586 3113 774 3180 Clisthenem
797 3115 1007 3188 multum,·ut
1020 3116 1214 3199 temporibus
1228 3115 1306 3190 illis,
1328 3116 1463 3182 valuisse
1479 3116 1622 3181 dicendo.

297 3211 350 3273 28.
383 3213 457 3274 Post
484 3211 566 3274 hanc
594 3217 728 3274 aetatem
756 3207 875 3296 aliquot
895 3206 1001 3283 annis,
1035 3215 1071 3272 ut
1091 3228 1133 3271 ex
1154 3208 1265 3274 atticis
1286 3212 1498 3276 monumentis
1519 3217 1624 3293 potest

260 3304 449 3390 ,operspich
483 3302 709 3369 Themistocles
738 3300 813 3378 tuit,
847 3322 939 3389 quem
970 3310 1092 3367 constat
1121 3323 1193 3367 cum
1220 3304 1404 3388 prudentia,
1440 3306 1621 3369 tumetium

297 3396 476 3481 eloquentia
499 3399 710 3483 praestitisse,
732 3405 805 3484 post
825 3397 975 3470 Pericles,
1001 3399 1055 3483 qui
1076 3417 1147 3462 cum
1169 3395 1298 3465 floreret
1318 3401 1404 3464 omni
1427 3418 1544 3485 genere
1560 3397 1622 3463 vir·
1701 3481 1703 3487 ,

75 3577 180 3676 ,q-
209 3489 1015 3696 a<{llallllbulliitlztlltltl
1022 3492 1622 3684 ..llltlaltl‘cltlhlt

99 3681 123 3694 '‘
166 3721 178 3739 ι·
294 3683 350 3747 29
369 3683 451 3748 Huic
473 3671 567 3748 aetati
589 3702 741 3769 suppares
763 3680 956 3757 Alcibiades,
987 3680 1112 3754 Critias,
1142 3685 1372 3758 Theramenes,
1392 3682 1524 3768 quibus
1546 3690 1624 3746 tem-

78 3758 139 3824 ⁴
149 3795 195 3938 t
259 3777 444 3937 ”ltili
453 3775 1622 3957 habitabili.illini.titillatliciata

294 3966 361 4039 tiis,
395 3968 630 4052 compressione
658 3986 765 4031 rerum
798 3963 913 4031 breves
943 3972 976 4029 et
1000 3963 1043 4029 ob
1072 3985 1141 4029 eam
1173 3964 1273 4049 ipsam
1306 3985 1432 4031 causam
1462 3965 1620 4030 interdum

294 4057 493 4126 subobscuri.
538 4063 622 4129 vltl.
647 4065 700 4127 30.
740 4061 801 4125 Sed
831 4068 865 4123 ut
894 4059 1085 4124 intellectum
1116 4067 1178 4133 est,
1215 4069 1361 4146 quautam
1393 4061 1456 4125 vim
1489 4057 1643 4124 baberet·

294 4163 437 4219 accurata
460 4163 491 4220 et
512 4153 594 4220 iacta
616 4158 754 4244 quodam
776 4151 872 4219 modo
894 4152 1013 4229 oratio,
1038 4163 1103 4218 tum
1125 4157 1219 4220 etiam
1237 4156 1375 4238 magistri
1390 4153 1514 4219 dicendi
1532 4151 1620 4217 multi

255 4247 397 4318 sosubito
419 4248 617 4320 exstiterunt.
641 4254 742 4341 kTum
757 4249 931 4316 Leontinus
948 4250 1094 4333 Gorgias,
1119 4252 1368 4338 Thrasymachus
1385 4247 1619 4321 Calchedonius,

301 4409 415 4424 ”-

363 4505 407 4554 to.
427 4505 572 4566 mmmm
591 4502 643 4555 (iu.
664 4505 690 4555 P.
713 4504 806 4555 llreed.
826 4503 913 4555 Peter.
937 4529 969 4541 -
998 4507 1034 4554 eta
1054 4503 1137 4555 Codd.
1159 4503 1326 4562 complures:
1346 4504 1379 4551 tte
1397 4503 1428 4552 ll.
1449 4523 1482 4537 ·-
1503 4509 1566 4552 suat
1584 4500 1617 4559 n,

293 4574 346 4626 Gn.
368 4577 393 4625 t.
415 4573 619 4626 Contuncttrum
639 4575 839 4627 habautCodd.
863 4574 982 4637 plerique
1005 4576 1082 4627 eall.
1116 4599 1141 4610 -
1174 4577 1215 4623 tt.
1236 4568 1308 4635 uero]
1335 4585 1383 4636 epo
1402 4572 1436 4623 lt.
1467 4571 1519 4622 (lu.
1540 4574 1566 4622 t.
1586 4597 1619 4608 -

293 4645 336 4696 td.
357 4645 452 4696 habeut
470 4646 581 4697 hamb:
602 4646 717 4698 boteone
737 4647 781 4697 llll
801 4659 861 4696 oum
880 4646 965 4697 Godd.
986 4647 1063 4696 uotts.
1086 4669 1117 4682 -
1136 4647 1180 4696 20.
1200 4644 1248 4695 Vr.
1270 4657 1288 4692 c
1306 4639 1413 4694 Graecia
1433 4655 1492 4693 curu
1511 4644 1619 4706 blepeuo

292 4717 399 4767 secturtt
418 4716 450 4766 T.
474 4741 503 4754 -·
532 4715 575 4767 29.
596 4718 677 4769 Attice·
696 4717 780 4767 Codd.
802 4720 857 4768 nott
876 4717 953 4768 etit.
975 4715 1094 4768 Currentt
1112 4715 1202 4766 bamb.
1235 4737 1265 4750 -
1296 4712 1340 4765 ³5.
1362 4713 1507 4776 Thucydidi
1524 4715 1570 4776 Lq-
1591 4712 1617 4762 8.

292 4787 336 4838 bt.
367 4785 433 4836 Ten.
454 4785 476 4835 l.
497 4787 557 4844 altt,
586 4788 648 4838 llll:
682 4789 840 4853 Thucydidis
868 4787 899 4836 ll.
930 4813 958 4824 -
991 4787 1035 4836 37.
1056 4781 1253 4847 compressione]
1283 4781 1617 4848 amaricatumque,

292 4858 521 4919 comprehensione
539 4859 652 4918 bream,
678 4862 741 4910 ttem
761 4859 873 4910 Crttteus
900 4853 1034 4919 (eutarius
1053 4857 1093 4908 vet
1115 4851 1281 4921 bongarstusl
1309 4859 1337 4906 tu
1354 4868 1405 4919 mg.
1423 4854 1516 4904 hamb.
1538 4851 1616 4904 atto.

292 4930 320 4978 tn
339 4927 407 4979 Btbt.
429 4929 575 4988 Beruenst,
596 4943 688 4982 rursus
701 4929 835 4982 Gesnerns
855 4933 881 4981 tn
895 4928 994 4988 Thau,
1016 4927 1077 4978 Seh.
1093 4929 1166 4989 prob.
1182 4925 1361 4991 Bernhardpo.
1381 4930 1417 4975 Αι
1428 4925 1488 4974 vtde
1503 4924 1618 4976 Ellendt.

294 5021 324 5035 -
343 4997 387 5048 eo.
408 4995 596 5053 Calchedonius
615 5002 662 5069 ις.
682 5001 708 5052 8.
728 5002 772 5052 bt.
791 5001 836 5052 58.
863 4999 931 5052 Teu.
953 5001 978 5050 ι.
1000 4997 1092 5050 Ottob.
1111 4997 1151 5057 T,
1178 5004 1208 5049 ut
1234 4998 1317 5048 lucer.
1337 5011 1373 5047 m.
1393 4996 1451 5047 Lat.
1477 4994 1511 5046 lt.
1531 4996 1616 5048 biba

293 5067 478 5124 Chalcedonius
495 5069 526 5124 ll.
