3746 5850
359 461 425 530 168
940 461 1102 532 ORATOR

362 623 435 689 161.
459 623 566 701 Quare
587 622 728 690 bonitate
749 623 855 709 potius
877 629 1056 690 nostrorum
1076 629 1248 694 verborum
1269 631 1394 694 utemur
1407 646 1501 714 quem
1516 625 1685 714 6661666666

362 719 573 797 Graecorum
595 715 762 784 61616616
783 719 828 782 sie
848 715 938 806 loqui
959 722 1117 803 poenitet:

617 861 687 940 Quo
706 869 873 944 tenpestate
891 863 983 927 Poris
1002 865 1150 929 Helenam
1169 899 1211 914 -

362 1009 395 1072 et
409 1024 491 1094 queo
505 1009 691 1091 sequuntur.
733 1003 834 1069 Immo
855 1023 934 1071 vero
954 1003 1015 1071 1616
1034 1025 1204 1093 sequemur
1223 1009 1490 1096 asperitatemque
1511 1004 1685 1097 sugimus:

337 1136 351 1179 ⁵
614 1145 716 1211 Habeo
737 1146 829 1212 istam
848 1168 901 1232 eqo
916 1151 1170 1236 perterricrepam
1190 1185 1233 1201 -

360 1288 526 1375 idemque:

619 1401 840 1487 Vernstitoqnes
859 1403 1003 1471 1666111166.

446 1546 513 1610 Nec
534 1541 636 1609 solum
658 1551 889 1630 componentur
908 1544 1006 1614 666166
1034 1547 1171 1625 ratione.
1201 1550 1258 1615 666
1289 1549 1383 1615 etium
1409 1548 1572 1630 finientur,
1607 1574 1687 1640 quo·

361 1639 446 1706 uiam
468 1639 501 1704 id
522 1637 673 1705 iudicium
696 1659 766 1706 esee
787 1638 920 1706 61166666
943 1643 1066 1708 aurium
1088 1643 1236 1710 diximus.
1282 1646 1343 1710 Sed
1365 1644 1515 1713 finiuntur
1529 1655 1584 1714 661
1599 1670 1686 1714 com-

323 1735 519 1822 repositione
547 1735 616 1820 ipsu
644 1739 677 1798 st
704 1735 793 1818 quusi
822 1755 878 1800 sue
907 1747 1017 1822 sponte
1046 1747 1100 1804 661
1130 1741 1267 1824 quodum
1290 1758 1405 1823 genere
1427 1740 1616 1819 verborum,
1651 1743 1686 1809 iu

361 1826 476 1916 quibus
497 1829 574 1911 ipsis
595 1826 788 1894 concinnitas
810 1828 907 1910 inest;
941 1852 1022 1918 quae
1051 1831 1118 1898 sivo
1139 1853 1229 1899 cesus
1251 1831 1367 1899 hebent
1387 1837 1421 1900 iu
1443 1837 1531 1902 exitu
1553 1837 1682 1916 similes,

362 1925 428 1988 sive
449 1923 579 2006 peribus
600 1924 899 2008 6666666666166.
929 1927 997 1991 sive
1020 1935 1222 2013 opponuntur
1243 1930 1412 2005 contrarie,
1443 1939 1552 2018 suopte
1573 1941 1685 1998 661666

361 2034 532 2083 numerose
553 2023 644 2094 suut,
677 2018 799 2086 61166661
830 2018 910 2085 nihil
938 2029 987 2086 est
1015 2019 1131 2086 1661666
1158 2020 1197 2086 66
1224 2021 1387 2094 industrie.
1432 2026 1502 2091 165.
1536 2028 1571 2091 16
1592 2027 1685 2093 huius

364 2109 583 2178 concinnitatis
605 2115 836 2178 consectetione
859 2116 1008 2200 Gorgiam
1030 2115 1128 2182 161666
1148 2116 1324 2203 principem
1346 2120 1544 2204 accepimus;
1566 2122 1685 2207 quode

324 2226 481 2292 regenero
507 2205 558 2272 iliu
584 2213 692 2272 666166
717 2215 792 2272 6661
811 2208 845 2272 in
866 2209 1056 2275 Miloniana:
1097 2199 1192 2305 {Est
1219 2212 1341 2287 euim,
1376 2211 1553 2291 iudices,
1586 2217 1685 2279 6666

363 2321 441 2368 666
472 2305 644 2385 scripte,
680 2305 868 2370 ueduata
895 2289 1129 2394 lex,)quum
1159 2305 1492 2384 uoudidicimus,
1529 2297 1685 2395 aceepi-

364 2415 463 2470 mus,
497 2394 687 2482 legimus,
723 2418 861 2465 verum
891 2421 935 2464 ex
965 2410 1108 2466 661666
1140 2402 1227 2487 ipse
1254 2400 1511 2488 arripuimus,
1546 2404 1687 2468 heusi-

363 2511 460 2566 mus,
481 2493 769 2579 expressimus,
791 2497 840 2560 66
862 2516 976 2580 quem
996 2515 1073 2560 uon
1095 2493 1221 2572 docti,
1245 2493 1447 2571 redienti,
1469 2517 1545 2561 nou
1567 2498 1686 2560 insti·

364 2587 464 2664 tuti,
487 2589 555 2654 666
577 2589 724 2652 imbuti
746 2609 910 2655 sumus.»
954 2589 1138 2656 1166666166
1152 2588 1224 2655 16116
1239 2597 1325 2666 6661,
1347 2597 1398 2664 61,
1421 2589 1494 2675 quia
1508 2589 1686 2657 referuntur

325 2683 405 2751 6666
427 2701 481 2758 ee,
512 2683 551 2747 66
574 2703 655 2770 queo
677 2679 792 2749 debent
812 2682 943 2761 referri,
973 2684 1181 2770 intelligemus
1202 2705 1265 2750 non
1287 2685 1462 2771 quaesitum
1486 2705 1555 2750 osse
1575 2705 1687 2750 uume-

363 2797 436 2844 rum
457 2780 514 2844 sed
541 2786 695 2848 secutum.
753 2781 822 2848 166.
851 2780 944 2857 Quod
965 2777 1002 2844 fit
1021 2781 1096 2845 item
1118 2779 1152 2844 in
1172 2778 1348 2845 referendis
1370 2779 1550 2855 contrariis,
1577 2778 1686 2844 611116

364 2883 454 2952 suut,
477 2872 591 2964 quibus
612 2892 678 2939 nou
699 2871 794 2940 modo
815 2895 983 2942 numerosa
1004 2875 1106 2942 oratio
1127 2876 1183 2941 sed
1204 2873 1299 2939 etiam
1320 2895 1431 2942 uersus
1453 2871 1603 2940 efficitur:

615 3019 715 3094 Eam,
737 3037 827 3102 66666
847 3018 924 3084 66611
944 3038 1084 3092 6666666,
1105 3019 1241 3083 damen

365 3135 618 3240 (6666666666
640 3156 778 3238 6166661,
802 3161 857 3246 qui
877 3179 1003 3226 versum
1025 3158 1166 3244 effugere
1188 3159 1317 3240 vellete)

328 3309 356 3354 ²⁵
617 3333 660 3348 -
681 3337 722 3352 -
743 3303 823 3368 Bene
843 3323 933 3386 quarn
953 3305 1093 3369 6666116666
1113 3324 1174 3368 esse
1194 3311 1348 3380 66166666,

615 3399 703 3462 Dicis
722 3399 799 3462 66616
819 3400 939 3463 mereri.

618 3494 670 3570 16,
694 3494 772 3578 quod
792 3495 867 3570 ecte,
884 3494 1008 3577 prodest
1027 3494 1120 3557 nihii:
1140 3494 1185 3568 s'd,
1208 3493 1286 3578 qnod
1304 3495 1415 3571 nescis,
1437 3494 1525 3558 obest.

364 3639 499 3705 Versum
519 3631 704 3718 6166111666
731 3633 840 3700 relatio
871 3636 1111 3701 contrariorum.
1156 3633 1192 3701 16
1214 3642 1296 3702 66661
1316 3637 1351 3701 iu
1372 3637 1516 3702 oratioue
1537 3655 1686 3701 numero-

365 3751 451 3797 sum:
481 3732 593 3809 Quod
615 3731 707 3806 seis,
730 3729 837 3795 nihil
856 3727 1041 3815 prodest:
1066 3732 1170 3815 quod
1192 3731 1347 3806 nescis,
1369 3729 1535 3795 muitum
1559 3728 1683 3795 obest.

328 3819 661 3942 66.(666666616666,
685 3843 765 3916 quae
780 3823 891 3890 Graeci
906 3825 1058 3890 66616666
1072 3809 1330 3918 nominent.)cum
1344 3823 1509 3890 contrariis
1524 3842 1687 3910 opponun-

365 3928 417 3986 tur
445 3921 616 3995 66616666,
648 3938 814 3984 numerum
845 3917 1018 3984 oratorium
1048 3919 1232 3985 necessitate
1263 3919 1330 4006 ipse
1363 3917 1518 3998 efficiunt,
1554 3930 1587 3986 et
1614 3940 1686 3987 eum

365 4013 616 4082 6166166661616.
662 4016 734 4079 167.
757 4015 826 4078 Hoc
848 4033 964 4096 genere
985 4015 1103 4100 antiqui
1124 4014 1187 4079 ium
1208 4022 1279 4079 6616
1300 4017 1469 4080 Isocratem
1491 4018 1687 4080 6616616666-

365 4117 419 4176 166
439 4115 471 4174 61
490 4107 628 4175 mexime
660 4109 811 4194 Gorgias,
848 4109 936 4174 errius
964 4109 998 4173 in
1027 4109 1171 4175 oratioue
1192 4110 1378 4196 plerumque
1400 4107 1497 4174 efficit
1517 4130 1685 4176 numerum

435 4365 463 4418 6.
489 4368 598 4431 itemque
625 4364 740 4417 metebet
765 4357 829 4416 li'rn·
860 4391 889 4404 -
920 4364 948 4417 8.
977 4371 1168 4429 componuntnr
1185 4393 1195 4406 ·
1214 4391 1224 4403 ·
1242 4367 1370 4432 fintcntur
1389 4365 1427 4426 Α.
1458 4368 1510 4419 66.
1532 4367 1558 4418 6.
1579 4367 1632 4418 661.
1651 4391 1684 4403 -

366 4437 394 4491 6.
414 4439 523 4490 6661666
541 4435 724 4488 6116666666.
744 4435 770 4486 6.
790 4436 851 4488 116.
871 4448 924 4487 666.
944 4437 1037 4487 Lerni.
1059 4463 1087 4474 -
1110 4440 1153 4488 10.
1173 4443 1221 4488 661
1239 4440 1317 4502 quest
1334 4439 1455 4491 senoreto
1474 4446 1583 4490 6661666
1597 4438 1683 4488 Peter.

368 4535 400 4549 -
419 4515 451 4560 61
469 4508 601 4571 quaedum
619 4519 717 4572 qeneru
733 4507 880 4559 1166166.
900 4506 947 4558 66.
968 4508 998 4558 6.
1020 4509 1112 4565 Peter,
1132 4513 1178 4560 661
1196 4507 1328 4573 quaedum
1346 4521 1443 4572 qeneru
1463 4509 1514 4560 66.
1536 4516 1598 4560 tres.
1620 4508 1683 4570 (616.

367 4577 397 4646 6.
417 4577 490 4643 616.)
509 4603 543 4614 -
561 4578 604 4628 16.
625 4585 795 4642 opponuntur
817 4579 962 4629 6661666116
986 4581 1125 4629 6666166616
1143 4593 1193 4643 inq.
1214 4579 1319 4639 1166611.
1341 4579 1432 4630 66666.
1453 4580 1506 4630 616.
1522 4577 1550 4642 §-
1573 4579 1631 4630 eoo.
1653 4603 1685 4615 -

367 4649 412 4703 11.
432 4651 590 4716 confecitque
610 4650 665 4701 vn.
687 4647 737 4700 66.
756 4651 783 4702 1.
803 4649 847 4710 6,
867 4651 1026 4700 connectione
1044 4649 1115 4700 6166.
1135 4650 1274 4701 661166.
1295 4649 1346 4700 66.
1360 4651 1386 4700 6.
1407 4650 1501 4701 1166666
1516 4651 1577 4701 1661.
1592 4659 1686 4701 666666

368 4728 506 4773 servarunt
518 4720 601 4772 6666.
622 4720 793 4781 interpetati,
812 4727 842 4771 ut
860 4719 913 4771 661.
935 4718 985 4770 66.
1001 4719 1047 4779 6.;
1068 4725 1106 4770 616
1124 4733 1214 4771 666666
1233 4735 1291 4771 mox
1309 4721 1404 4771 relatio
1423 4735 1469 4783 pro
1488 4721 1551 4772 16166
1571 4723 1687 4771 6166666-

368 4793 532 4854 6666661166
553 4793 615 4844 item
634 4789 663 4856 6.
683 4791 744 4844 166.
764 4790 1050 4856 6611166166666166116
1069 4804 1116 4853 uro
1135 4791 1287 4856 eotttqentnr
1305 4793 1457 4844 sententies.
1477 4817 1507 4830 -
1538 4792 1583 4842 66.
1602 4792 1637 4841 66
1656 4805 1688 4841 eu

368 4875 437 4926 quse
453 4863 507 4914 vn.
528 4863 623 4914 66666.
643 4863 717 4914 6166.
738 4863 792 4914 661.
814 4862 866 4914 66.
886 4863 911 4913 1.
931 4861 958 4911 6.
980 4860 1103 4924 (61666.
1124 4862 1194 4912 6166.
1210 4859 1256 4922 6.)
1273 4886 1299 4898 -
1321 4862 1364 4913 m.
1384 4861 1526 4926 referendis
1543 4863 1687 4913 6661666116

368 4933 422 4984 vn.
443 4933 630 4986 6166116666.
657 4933 709 4984 66.
729 4936 756 4985 1.
775 4935 802 4984 6.
822 4933 1027 4984 666661666116
1045 4931 1186 4997 referendis
1209 4933 1261 4983 66.
1282 4930 1308 4981 6.
1329 4933 1360 4982 6.
1387 4957 1422 4968 ·-
1450 4933 1494 4983 61.
1520 4933 1659 4984 61616661-
1676 4955 1688 4968 -

368 5003 493 5056 noluisset
510 5001 552 5067 A,
572 5004 627 5056 661.
647 5003 698 5054 66.
718 5004 745 5057 6.
760 5005 851 5056 Lemo.
872 5026 904 5040 -·
923 5003 966 5053 66.
986 5003 1056 5054 Bene
1073 5029 1085 5040 ·
1097 5029 1108 5041 ·
1123 5006 1218 5053 mereri
1236 5016 1289 5054 uuo
1308 5004 1436 5055 666616616
1451 5006 1481 5054 6.
1504 5029 1533 5041 -
1552 4997 1686 5072 6611666]

368 5074 418 5125 1116
436 5075 468 5125 Α.
495 5099 533 5195 -8
556 5077 627 5127 66116
645 5074 699 5127 vn.
728 5075 802 5127 6166.
821 5074 915 5128 66666.
935 5073 987 5125 66.
1006 5073 1032 5124 1.
1050 5073 1078 5124 6.
1098 5073 1138 5136 6,
1157 5072 1246 5126 Peter.
1273 5097 1305 5111 -
1335 5075 1378 5126 61.
1408 5079 1433 5124 61
1450 5073 1517 5136 enm]
1547 5074 1627 5124 ettam
1643 5074 1686 5135 Α,

370 5144 424 5200 Ε11·
444 5143 496 5198 Gur
536 5176 543 5195 6
