3720 5840
305 419 346 486 ιι
501 387 502 392 ‘
809 416 861 480 no
889 413 1124 480 usnsnntuu

303 599 371 644 reru
393 577 425 642 in
446 575 591 643 contione
612 580 666 640 aut
684 571 719 640 in
740 573 870 640 consilio
885 573 1057 640 faciendam
1073 569 1286 649 censebimus,
1310 572 1423 639 iustam
1438 593 1507 639 esse
1522 581 1626 642 osten·

303 671 430 750 demus;
465 669 632 736 contrariis
653 672 810 735 iniustam.
853 671 900 734 Ita
920 668 990 747 fiet,
1023 675 1057 734 ut
1078 667 1195 732 eisdem
1218 666 1296 732 loeis
1318 675 1348 732 et
1371 667 1410 734 ad
1431 668 1625 735 suadendum

303 776 333 833 et
354 771 392 831 ad
415 764 657 832 dissuadendum
675 764 771 830 simus
786 765 967 847 comparati.
1011 767 1040 828 5.
1063 761 1118 826 Sin
1132 760 1324 828 fortitudinis
1338 761 1519 828 retinendae
1533 783 1625 828 causa

301 859 478 926 faciendum
506 861 582 946 qnid
613 879 681 924 esse
708 862 863 933 dicemus,
900 859 1100 923 ostendemus
1126 876 1177 921 res
1205 875 1332 939 magnas
1362 867 1393 922 ct
1415 857 1513 923 celsas
1535 858 1624 942 sequi

279 965 334 1020 set
355 956 461 1041 appeti
492 961 662 1040 oportere;
694 962 725 1019 ct
747 951 821 1018 item
842 971 894 1016 res
914 951 1048 1016 humiles
1070 960 1101 1016 et
1121 948 1262 1035 indignas
1284 951 1360 1016 viris
1381 950 1517 1018 sortibus
1538 957 1624 1018 viros

299 1050 398 1117 fortes
420 1059 588 1135 propterea
609 1058 809 1115 contemnere
831 1054 980 1133 oportere
1002 1066 1060 1110 nec
1080 1045 1210 1111 idoneas
1232 1045 1382 1132 dignitate
1398 1067 1454 1113 sua
1469 1048 1621 1114 iudicare.

300 1147 377 1210 Item
400 1143 439 1210 ab
461 1145 544 1211 nulla
564 1166 601 1211 re
622 1148 754 1211 honesta
781 1141 912 1228 periculi
942 1149 995 1207 aut
1019 1140 1137 1206 laboris
1158 1141 1373 1224 magnitudine
1395 1140 1508 1209 deduci
1529 1163 1624 1226 opor-

298 1250 381 1319 tere;
404 1239 611 1326 antiquiorem
633 1248 769 1306 mortem
791 1233 984 1321 turpitudine
1006 1234 1138 1314 habere;
1175 1235 1262 1301 nullo
1284 1235 1393 1302 dolore
1415 1240 1504 1320 cogi,
1527 1246 1562 1301 ut
1583 1235 1622 1302 ab

299 1333 404 1402 officio
425 1340 607 1415 recedatur;
635 1334 750 1401 nullius
771 1351 835 1417 pro
852 1330 901 1397 rei
923 1331 1053 1397 veritate
1075 1339 1217 1396 metuere
1239 1329 1431 1411 inimicitias;
1462 1329 1624 1416 quodlibet

260 1449 357 1519 repro
379 1429 496 1517 patria,
518 1429 713 1517 parentibus,
737 1425 929 1513 hospitibus,
952 1425 1061 1491 amicis
1083 1433 1115 1490 et
1135 1425 1173 1490 iis
1194 1423 1308 1501 rebus,
1335 1447 1412 1510 quas
1432 1425 1549 1492 iustitia
1571 1447 1623 1496 eo-

296 1525 363 1590 lere
385 1523 485 1610 cogit,
523 1524 609 1590 adire
632 1523 806 1609 pericnlum
829 1527 860 1585 et
881 1520 1052 1604 quemlibet
1074 1520 1234 1606 suscipere
1256 1520 1407 1587 laborem.
1451 1522 1622 1588 Modestiae

296 1619 437 1706 partibus
459 1626 601 1696 utemur,
624 1619 650 1686 si
672 1617 784 1684 nimias
805 1613 952 1682 libidines
974 1615 1121 1697 honoris,
1145 1616 1316 1702 pecuniae,
1346 1615 1492 1682 similium
1513 1637 1622 1682 rerum

296 1711 559 1800 vituperabimus;
583 1713 610 1780 si
630 1735 725 1780 unam
748 1731 904 1798 quamque
924 1732 994 1777 rem
1017 1719 1104 1777 certo
1125 1717 1255 1777 naturae
1270 1711 1405 1777 termino
1420 1710 1621 1790 definiemus;

296 1808 323 1874 si
345 1806 449 1893 quoad
471 1808 584 1892 cuique
606 1808 680 1875 satis
707 1809 764 1886 sit,
800 1808 1014 1882 ostendemus,
1038 1804 1169 1872 nimium
1190 1805 1340 1892 progredi
1362 1803 1620 1880 dissuadebimus‚

258 1902 425 1969 asmodum
455 1907 509 1968 uui
536 1901 650 1988 cuique
675 1902 726 1967 rei
750 1911 932 1971 statuemus.
978 1899 1167 1967 Huiusmodi
1189 1907 1293 1987 partes
1320 1909 1392 1966 sunt
1413 1899 1535 1966 virtutis
1557 1919 1622 1964 am-

293 1995 492 2083 plificandae,
515 1997 542 2064 si
563 1995 780 2078 suadebimus;
803 1996 1020 2073 attenuandae,
1043 1998 1068 2060 si
1090 1993 1129 2059 ab
1146 1994 1193 2060 bis
1208 1992 1460 2069 dehortabimur,
1485 1992 1531 2079 [ut
1544 1998 1621 2058 haec

294 2090 523 2177 attenuentur,]
562 2113 642 2178 quae
673 2113 767 2189 ¹supra
790 2091 1012 2160 demonstravi
1056 2093 1135 2154 Nam
1157 2109 1250 2154 nemo
1274 2089 1349 2165 erit,
1382 2089 1437 2175 qui
1458 2097 1621 2154 censeata

293 2188 409 2254 virtute
431 2186 660 2266 recedendum
690 2209 801 2254 verum
822 2196 876 2254 aut
897 2208 948 2255 res
970 2207 1034 2253 non
1056 2185 1209 2252 eiusmodi
1232 2185 1373 2252 dicantur
1395 2207 1479 2258 esse,
1502 2192 1538 2250 ut
1557 2185 1621 2249 vir-

293 2288 391 2348 tutem
413 2281 569 2369 possimus
592 2281 750 2365 egregiam
773 2283 929 2368 experiri,
967 2279 1073 2347 autin
1096 2279 1261 2345 contrariis
1283 2285 1387 2368 potius
1409 2278 1504 2345 rebus
1526 2299 1621 2365 quam

256 2375 326 2442 rein
347 2377 396 2442 his
417 2376 517 2443 virtus
539 2385 684 2443 constare
707 2381 900 2444 ostendatur
945 2379 1041 2454 item,
1064 2375 1091 2441 si
1113 2395 1176 2460 quo
1198 2384 1289 2460 pacto
1311 2375 1501 2484 poterimus,
1526 2395 1619 2460 quam

291 2469 337 2547 is,
363 2471 428 2556 qui
458 2481 567 2537 contra
597 2468 692 2546 dicet,
728 2470 880 2537 iustitiam
908 2472 1044 2546 vocarit,
1081 2490 1139 2535 nos
1162 2469 1474 2536 demonstrabimus
1464 2488 1620 2554 ignaviam

186 2598 200 2622 a·
292 2585 360 2631 esse
385 2564 427 2651 [et
447 2564 604 2649 inertiam]
628 2585 665 2630 ac
684 2584 814 2651 pravam
835 2565 1069 2645 liberalitatem
1104 2587 1197 2653 qum
1220 2563 1417 2651 prudentiam
1440 2562 1614 2650 appellarit,

263 2660 428 2745 ineptam
449 2667 482 2724 et
504 2659 661 2745 garrulam
684 2670 714 2725 et
736 2659 879 2725 odiosam
901 2659 1061 2726 scientiam
1084 2681 1152 2726 esse
1175 2659 1330 2739 dicemus;
1364 2680 1457 2748 quam
1478 2658 1531 2724 ille
1552 2678 1620 2722 ιιιο-

268 2753 423 2826 destiam
449 2753 532 2819 dicet
560 2774 646 2827 csse,
685 2774 755 2818 eam
785 2774 843 2820 nos
875 2753 1019 2820 inertiam
1048 2763 1079 2820 et
1105 2753 1287 2820 dissolutam
1308 2711 1528 2837 riegligentiam
1551 2771 1619 2816 esse

254 2845 447 2926 radicemur
472 2869 567 2956 (ιιιιιιι
587 2847 639 2914 ille
662 2847 879 2913 fortitudinem
900 2848 1085 2922 nominarit,
1113 2870 1183 2914 eam
1205 2869 1262 2914 nos
1284 2848 1499 2932 gladiatoriam
1522 2855 1552 2912 et
1573 2845 1620 2910 in·

193 2993 199 3009 .
266 2942 549 3019 consideratam
551 2939 777 3028 appellabimus
810 2942 1029 3013 temeritatem.
1079 2943 1197 3011 twa.
1230 2942 1399 3009 Laudabile
1432 2951 1495 3018 est,
1534 2939 1620 3027 quod

292 3035 418 3102 conficit
448 3039 612 3102 honestam
645 3045 676 3102 et
710 3043 909 3123 praesentem
938 3048 969 3103 et
996 3047 1241 3124 consequentem
1275 3035 1615 3103 commemorationem.

291 3131 362 3197 Hoc
383 3149 440 3196 nos
463 3150 502 3196 ιο
525 3149 543 3195 a
563 3139 652 3197 recto
674 3131 907 3215 separavimus,
939 3153 1002 3198 non
1025 3132 1109 3217 quod
1131 3136 1193 3199 hae
1216 3142 1365 3218 quattuor
1385 3139 1505 3215 partes,
1537 3149 1618 3215 quae

291 3224 500 3292 subiiciuntur
521 3223 580 3292 sub
603 3224 756 3292 vocabulo
779 3225 875 3303 recti,
899 3225 978 3291 hanc
999 3227 1170 3293 honestatis
1191 3225 1521 3293 commemorationem
1543 3223 1618 3288 dare

254 3339 354 3386 eonon
376 3320 516 3398 soleant;
554 3323 609 3387 sed
637 3341 826 3406 quamquam
855 3341 897 3386 ex
917 3331 1005 3387 recto
1027 3322 1182 3389 laudabile
1205 3322 1357 3397 nascitur,
1391 3329 1496 3386 tamen
1517 3318 1550 3383 in
1571 3319 1619 3384 di·

290 3414 390 3481 cende
421 3435 565 3482 seorsum
593 3415 788 3481 tractandum
817 3424 865 3482 est
893 3415 953 3481 boc
984 3416 1110 3484 abillo.
1138 3421 1265 3502 -Neque
1288 3415 1372 3482 enim
1393 3413 1494 3480 solum
1516 3410 1617 3478 laudis

290 3527 383 3576 causa
403 3520 526 3576 rectum
549 3509 640 3595 sequi
662 3510 825 3589 convenit3
863 3509 919 3576 sed
949 3511 975 3577 si
998 3511 1065 3578 laus
1087 3512 1307 3596 consequitur,
1342 3508 1519 3596 duplicatur
1539 3506 1617 3572 recti

290 3604 458 3694 appetendi
488 3605 641 3671 voluntas.
686 3609 763 3672 Cum
795 3604 894 3689 igitur
922 3605 983 3672 erit
1011 3607 1258 3673 demonstratum
1287 3612 1425 3679 rectum,
1463 3600 1617 3668 laudabile

291 3721 361 3767 esse
384 3698 667 3766 demonstrabimus
690 3709 743 3766 aut
764 3697 804 3764 ab
824 3698 947 3764 idoneis
968 3700 1163 3775 hominibus,
1185 3709 1221 3766 ut
1242 3699 1269 3765 si
1292 3719 1354 3785 qua
1374 3719 1425 3764 res
1440 3695 1616 3763 honestiori

253 3815 280 3858 ss
291 3794 393 3862 ordini
422 3794 555 3881 placeat,
594 3815 674 3879 quae
703 3814 722 3859 a
753 3794 912 3859 deteriore
939 3792 1050 3859 ordine
1071 3793 1287 3880 improbetur;
1326 3801 1379 3860 aut
1400 3797 1440 3858 ab
1462 3787 1617 3877 aliquibus

289 3889 384 3956 sociis
405 3897 460 3954 aut
480 3885 626 3954 omnibus
649 3886 786 3964 civibus,
809 3889 926 3952 exteris
948 3886 1127 3955 nationibus
1149 3893 1346 3976 posterisque
1369 3887 1495 3954 nostris.

376 3987 452 4051 Cum
483 3982 664 4048 huiusmodi
692 3981 834 4048 locorum
864 3981 977 4049 divisio
998 3982 1034 4046 fit
1054 3982 1085 4048 in
1108 3982 1350 4058 consultatione,
1384 3980 1524 4048 breviter
1545 4001 1617 4067 ape·

289 4077 399 4144 rienda
420 4085 468 4143 est
489 4080 584 4143 totius
606 4076 748 4142 tractatio
771 4096 893 4142 causae.
937 4078 1087 4142 Exordiri
1108 4077 1214 4144 licebit
1234 4077 1284 4143 vel
1306 4099 1324 4142 ι
1345 4076 1498 4164 principio
1513 4075 1563 4142 sel
1576 4073 1616 4140 ab

289 4171 498 4238 insinuatione
522 4170 593 4258 [vel]
617 4170 729 4237 iisdem
749 4170 937 4249 rationibus,
970 4170 1084 4256 quibus
1111 4172 1145 4237 in
1164 4171 1304 4238 iudiciali
1326 4191 1428 4238 eausa.
1473 4170 1506 4236 Si
1528 4169 1616 4235 cuius

357 4372 386 4426 d.
406 4375 520 4426 ecoeiror
537 4375 569 4425 L.
591 4399 619 4413 —
640 4373 667 4425 5.
686 4374 814 4440 indignor
833 4375 899 4425 ciris
917 4374 1031 4440 fortibus
1047 4377 1120 4426 oiroa
1136 4372 1289 4426 PABFRT:
1315 4375 1441 4438 indignas
1458 4375 1530 4425 viros
1548 4373 1569 4424 Ε
1587 4375 1615 4424 iu

291 4457 406 4496 errorem
425 4445 550 4499 inductus
569 4459 583 4495 a
603 4448 728 4496 varietate
748 4445 1101 4508 ernestooouenaorpuna
1126 4449 1212 4498 miuus
1236 4451 1360 4499 accurate
1379 4446 1506 4497 consulta.
1528 4467 1559 4481 -
1587 4445 1614 4494 c.

287 4524 431 4578 propterea
449 4529 502 4567 oro.
521 4516 576 4567 ΕΤ.
596 4539 625 4553 -
642 4516 670 4567 7.
690 4518 723 4567 ab
742 4515 892 4566 PABFRT:
914 4530 931 4564 a
948 4517 979 4568 Ε.
1002 4539 1029 4552 -
1051 4517 1094 4568 12.
1115 4517 1241 4569 similium
1258 4516 1362 4567 enus:
1383 4519 1558 4580 aemiliamque
1568 4513 1614 4564 ΕΤ

290 4586 322 4637 Ε.
341 4611 375 4621 -
394 4585 438 4636 tt.
457 4588 570 4636 nimium
589 4585 669 4637 Phi-⁸:
699 4593 724 4637 et
741 4591 852 4638 nimium
876 4587 959 4648 iiiiii,
990 4589 1152 4652 nimiumque
1171 4589 1201 4638 T.
1226 4615 1254 4626 -
1288 4585 1557 4639 remoraretur:
1590 4591 1615 4636 et

288 4658 397 4708 modum
414 4657 498 4718 Bth,
518 4665 542 4708 et
560 4659 582 4706 ιι·
599 4658 707 4708 modum
725 4659 757 4708 T.
779 4681 810 4695 -
839 4657 882 4709 16.
902 4663 932 4708 ot
949 4661 1012 4710 hoec
1030 4665 1200 4710 attenuentur
1218 4659 1327 4710 reclusit
1345 4659 1383 4718 Ε,
1404 4660 1501 4711 delevit
1515 4655 1615 4706 sch.-

289 4727 334 4779 18.
354 4727 483 4779 &ennodi
500 4727 628 4778 ΡΑΕΕΤι
648 4728 798 4779 huiuamodi
816 4728 869 4780 BE.
890 4753 921 4766 -
951 4731 1078 4781 dicontur
1096 4730 1177 4780 ΕΕΤι
1196 4731 1303 4781 dicotur
1320 4729 1420 4780 rann.
1443 4755 1471 4766 -
1500 4727 1544 4776 22.
1565 4726 1612 4778 Vr.

290 4800 457 4849 etiamtiam
475 4797 573 4850 delerit
592 4799 653 4851 sch.
690 4800 745 4852 Nor
762 4800 927 4851 seclusimus.
949 4826 978 4838 -
1005 4802 1049 4850 22.
1075 4800 1264 4851 liberalitatem
1287 4801 1438 4852 ruerus:
1467 4798 1615 4848 libertatem

288 4869 321 4919 Ε.
338 4893 368 4906 -
386 4869 430 4918 22.
450 4867 639 4934 negligentiam
657 4883 709 4922 erac
727 4870 854 4922 curru:
872 4871 1059 4937 negligentium
1076 4871 1154 4922 ΑΕΕ.
1169 4893 1202 4908 -
1220 4873 1264 4929 28.
1286 4875 1467 4937 reparavimus
1485 4867 1611 4918 Pluere

289 4941 471 5002 separabimur
495 4940 533 5000 ii,
560 4954 712 5003 reparamur
730 4942 760 4992 Ε.
788 4965 819 4979 -·
848 4942 891 4992 29.
911 4943 1066 4994 vocobulum
1084 4943 1115 4992 Ε.
1137 4967 1166 4980 -
1197 4943 1376 4994 turtureum
1396 4939 1438 4991 ΡΤ
1460 4939 1614 4991 confirman-

288 5019 329 5062 tes
347 5011 458 5063 iiruerttt
478 5013 676 5064 coniecturam:
695 5019 825 5063 narretur
837 5013 928 5065 ΑΒΕΕ
941 5020 969 5069 et
980 5013 1074 5072 Graes·
1091 5037 1118 5054 ··
1140 5013 1184 5068 35.
1203 5014 1238 5070 ul
1256 5028 1308 5072 om.
1321 5011 1442 5068 Posui.
1458 5035 1487 5056 ι-
1509 5009 1554 5068 ott.
1573 5009 1613 5066 orl

289 5088 351 5139 ruta
369 5082 464 5136 iisdem
484 5082 653 5140 deteritsch.
678 5084 734 5141 Nos
752 5084 915 5142 seclusimus.
