3746 5850
334 471 397 537 tta
737 465 968 532 ectromate
991 465 1256 534 enarratores

333 626 500 699 virtutibus
522 629 624 703 uitiis,
658 624 776 692 artibus
797 625 937 706 inertiis,
971 633 1026 694 ant
1046 625 1311 715 quemadmodum
1338 627 1504 704 commoti,
1538 595 1668 714 cupidi·¹

333 734 398 793 tate
420 733 522 802 metu,
546 724 708 807 voluptate
730 723 884 790 molestia.
929 723 1031 810 Atque
1051 724 1132 789 haec
1148 723 1275 810 quidem
1290 724 1323 788 in
1337 731 1447 788 natura
1462 729 1658 808 spectantur;

331 822 513 889 infortuna
540 838 654 909 genus,
684 818 860 895 amicitiae,
894 817 1003 892 liberi,
1025 818 1215 905 propinqui,
1239 815 1367 896 affines,
1393 837 1488 905 opes,
1509 821 1660 893 bonores,
1781 859 1783 864 -

331 921 520 1005 potestates,
544 913 686 987 divitiae,
710 914 842 978 libertas
856 919 888 978 et
902 933 957 991 ea,
981 933 1062 1001 qnae
1085 923 1158 980 sunt
1179 913 1227 980 bis
1250 915 1416 981 contraria.
1459 915 1510 979 36.
1533 914 1569 976 ln
1583 909 1662 977 locis

311 1019 438 1078 cantem
461 1018 493 1076 et
514 1007 568 1074 illa
591 1006 765 1084 naturalia,
789 1006 939 1073 maritimi
961 1028 1001 1072 an
1022 1009 1136 1074 remoti
1158 1030 1176 1073 a
1198 1011 1297 1087 mari,
1321 1008 1406 1094 plani
1427 1030 1468 1074 an
1489 1007 1660 1083 montuosi,

333 1105 420 1172 leves
442 1127 481 1172 an
503 1103 626 1186 asperi,
659 1103 803 1168 salubres
833 1123 873 1168 an
903 1101 1103 1186 pestilentes,
1140 1103 1232 1188 opaci
1253 1123 1294 1168 an
1315 1104 1432 1187 aprici3
1472 1109 1504 1168 et
1524 1102 1576 1169 illa
1598 1101 1664 1168 lor-

333 1201 429 1277 tuita,
453 1198 529 1263 culti
553 1218 593 1262 an
616 1195 742 1274 inculti,
767 1196 909 1262 celebres
930 1218 969 1262 an
992 1199 1126 1275 deserti,
1151 1196 1345 1264 coaedificati
1359 1219 1399 1264 an
1413 1200 1511 1275 vasti,
1536 1197 1662 1264 obscuri

332 1315 373 1362 an
394 1315 500 1362 rerum
524 1300 684 1378 gestarum
707 1292 847 1376 uestigiis
876 1291 1051 1370 nobilitati,
1086 1293 1262 1360 consecrati
1283 1315 1323 1360 an
1346 1292 1480 1380 profani.
1525 1296 1582 1359 xl.
1607 1297 1658 1358 37.

197 1387 202 1403 ”
331 1392 368 1454 ln
397 1389 592 1476 temporibus
619 1395 724 1453 autem
751 1387 931 1474 praesentia
960 1395 992 1453 et
1018 1391 1189 1472 praeterita
1214 1396 1248 1454 et
1269 1387 1373 1454 fertura
1400 1396 1591 1467 cernuntur;
1628 1385 1662 1451 in

293 1483 381 1549 achis
401 1484 478 1570 ipsis
506 1489 646 1560 vetusta,
676 1484 831 1558 recentia,
865 1483 1028 1560 instantia,
1058 1483 1163 1570 paullo
1183 1491 1256 1571 post
1276 1491 1332 1549 aut
1352 1483 1521 1568 aliqnando
1541 1481 1659 1549 lutura.

332 1582 440 1645 Insunt
471 1581 564 1644 ctiam
593 1576 628 1644 in
649 1579 846 1663 temporibus
869 1576 942 1656 illa,
979 1599 1061 1664 quae
1082 1579 1233 1665 temporis
1255 1580 1345 1665 quasi
1367 1587 1511 1644 naturam
1531 1584 1659 1653 neunt,

218 1681 229 1768 φ’
331 1682 367 1740 ut
381 1677 502 1752 hiems,
525 1693 599 1749 rer,
622 1679 739 1750 aestas,
764 1680 967 1752 auctnmnns;
991 1681 1046 1739 ant
1059 1673 1132 1739 anni
1147 1683 1304 1760 tempora,
1327 1676 1509 1765 ulmensis,
1531 1675 1659 1750 ntdies,

211 1756 219 1782 ⁰
332 1776 368 1833 ut
388 1791 468 1847 nox,
491 1771 590 1845 hora,
614 1777 801 1853 tempestas,
824 1787 904 1852 quae
919 1774 991 1833 sunt
1006 1768 1179 1849 naturalia}
1202 1763 1472 1847 fortuita'antem,
1496 1765 1660 1860 sacrificia,

238 1910 245 1934 .
331 1862 404 1930 iesti
426 1863 511 1941 dies,
541 1865 682 1947 nuptiae.
727 1865 780 1928 38.
816 1865 883 1928 lam
904 1861 987 1929 iacta
1008 1870 1040 1930 et
1061 1873 1191 1931 euentus
1212 1874 1266 1931 aut
1286 1863 1409 1931 consilii
1431 1871 1505 1956 sunt
1528 1858 1582 1928 ant
1601 1861 1660 1929 irn-

235 1956 251 1976 '‘
293 1977 321 2020 π
332 1960 533 2048 prudentiae,
571 1979 653 2046 quae
684 1965 733 2023 est
762 1965 816 2024 aut
844 1957 877 2024 in
907 1978 981 2024 casn
1008 1967 1062 2024 aut
1090 1962 1123 2025 in
1150 1959 1284 2047 quadam
1313 1959 1410 2026 animi
1443 1949 1660 2047 permotione:

333 2074 424 2130 casu,
451 2075 523 2120 cuns
544 2055 638 2119 aliter
659 2054 791 2130 cecidit,
823 2073 859 2118 ac
880 2061 1023 2139 putatum
1045 2053 1100 2136 sit;
1135 2055 1445 2141 permotione,tcnm
1466 2062 1521 2122 ant
1543 2054 1661 2120 oblivio

173 2187 200 2238 ⁸:-
230 2215 231 2220 ,
332 2155 386 2215 aut
407 2168 498 2215 error
519 2155 574 2214 aut
593 2156 696 2214 metus
718 2155 772 2214 aut
793 2145 897 2234 aliqua
919 2147 1102 2236 cupiditatis
1123 2172 1216 2217 causa
1237 2149 1415 2239 permpriti
1449 2151 1506 2216 Est
1521 2149 1613 2215 etiam
1628 2149 1662 2213 in

331 2245 542 2329 imprudentia
568 2241 737 2310 necessitas
767 2241 926 2327 ponenda.
975 2247 1093 2311 Rerum
1124 2256 1228 2312 autem
1258 2249 1411 2311 bonarum
1447 2253 1479 2310 et
1506 2245 1661 2309 malarum

331 2338 392 2404 tria
412 2346 485 2406 sunt
512 2359 645 2425 genera3
680 2359 753 2405 narn
784 2345 838 2403 ant
861 2339 895 2403 in
924 2339 1036 2405 animis
1064 2348 1119 2408 aut
1143 2343 1177 2407 in
1198 2342 1386 2427 corporibus
1407 2347 1461 2406 aut
1481 2347 1570 2406 extra
1591 2359 1660 2404 esse

293 2442 476 2520 sepossnnt.
522 2435 624 2500 liuius
645 2432 744 2518 igitur
763 2436 919 2500 materiae
942 2436 981 2500 ed
1003 2443 1222 2521 argumentum
1243 2435 1404 2501 subiectae
1423 2430 1660 2519 perlustrandae

337 2529 443 2597 animo
465 2538 571 2618 partes
593 2536 686 2596 erunt
707 2547 817 2594 omnes
840 2537 871 2594 et
893 2531 1001 2607 adid,
1023 2533 1109 2616 quod
1131 2538 1258 2616 agetur,
1284 2551 1324 2596 ex
1339 2531 1469 2615 singulis
1482 2530 1660 2596 coniectura

333 2623 495 2712 capienda.
539 2628 592 2691 39.
619 2627 675 2690 Est
697 2623 792 2689 etiam
813 2644 911 2709 genus
933 2635 1188 2711 argumentorum
1212 2624 1313 2704 aliud,
1344 2624 1429 2710 qnod
1452 2645 1491 2691 ex
1512 2625 1586 2690 lacti
1606 2645 1662 2689 vc·

332 2718 433 2806 stigiis
457 2719 607 2798 sumitur,
638 2728 674 2785 ut
694 2719 806 2793 telum,
837 2740 949 2797 cruor,
980 2721 1116 2798 clamor,
1153 2719 1304 2797 eiulatus,
1340 2721 1499 2795 titubatio,
1534 2739 1662 2807 permu-

333 2814 408 2880 tatio
431 2813 564 2892 coloris,
602 2813 704 2881 oratio
726 2816 925 2892 inconstans,
958 2822 1080 2880 tremor
1102 2823 1264 2881 eteorum
1287 2815 1424 2902 aliquid,
1460 2816 1545 2900 quod
1566 2833 1661 2880 sensu

294 2927 324 2971 ss
332 2907 454 2994 percipi
482 2912 596 2998 possit;
632 2908 744 2987 etiam,
780 2909 807 2974 si
837 2918 1060 2996 praeparatum
1087 2908 1222 2995 aliquid,
1256 2909 1283 2975 si
1304 2911 1566 2975 communicatum
1588 2929 1660 2975 curn

333 3005 461 3090 aliquo,
495 3006 522 3070 si
542 3010 654 3093 postea
673 3004 792 3080 risum,
825 3003 980 3081 auditum,
1012 3007 1195 3072 indicatum.
1240 3006 1293 3069 to.
1325 3006 1399 3073 Veri
1421 3002 1534 3069 similia
1555 3011 1660 3069 antem

332 3098 450 3183 partim
471 3099 595 3184 singula
616 3108 745 3168 mouent
766 3119 825 3166 suo
846 3102 1009 3187 pondere,
1031 3103 1165 3187 partim,
1189 3099 1311 3165 etiamsi
1333 3098 1480 3165 videntur
1503 3119 1572 3164 esse
1594 3100 1662 3164 eri·

332 3214 394 3280 gua
415 3214 476 3278 per
497 3215 547 3269 se,
569 3195 703 3261 multum
725 3202 849 3271 umen,
873 3215 945 3259 cnm
967 3202 1038 3260 sunt
1060 3202 1258 3270 coacervata,
1282 3191 1461 3278 proliciunt
1505 3199 1605 3280 Atque
1626 3194 1660 3258 in

332 3288 381 3355 bis
410 3289 479 3357 reri
508 3289 661 3356 similibus
691 3291 799 3354 insunt
825 3309 1051 3376 nonnunquam
1078 3291 1172 3355 etiam
1202 3295 1305 3355 certae
1329 3309 1438 3356 rerum
1460 3295 1492 3354 et
1512 3290 1659 3374 propriae

204 3421 211 3437 »
296 3392 442 3454 aonotae.
480 3383 664 3452 ¹llauimam
694 3392 798 3449 autem
829 3380 904 3468 iacit
935 3385 1030 3449 fidem
1062 3386 1102 3449 ad
1134 3384 1368 3450 similitudinem
1401 3385 1482 3459 veri,
1521 3385 1659 3467 primurn

154 3515 159 3530 ·
189 3477 214 3496 *⁸
335 3478 530 3566 exemplum,
554 3479 667 3545 deinde
689 3477 865 3544 introducta
886 3480 934 3544 rei
956 3471 1146 3559 similitudo)
1166 3479 1272 3546 labnla
1294 3480 1388 3546 etiam
1410 3499 1657 3564 nonnunquam,

335 3572 394 3640 etsi
414 3582 462 3638 est
482 3573 697 3651 incredibilis,
720 3581 827 3640 tamen
848 3572 991 3639 homines
1013 3583 1203 3641 commovet.

418 3671 487 3734 llll.
510 3671 563 3735 t1.
589 3671 622 3735 C.
640 3671 675 3732 F.
685 3663 802 3776 (Quid,
827 3666 1018 3733 delinitionis
1040 3689 1122 3752 quae
1142 3671 1222 3735 ratio
1244 3678 1292 3736 est
1313 3675 1345 3735 et
1365 3688 1447 3756 quae
1468 3651 1551 3774 rial)
1569 3669 1604 3734 C.
1621 3669 1656 3734 Ρ.

333 3765 404 3832 Non
425 3761 556 3830 dubium
578 3764 680 3829 estid
702 3765 849 3850 quidem,
871 3764 947 3851 quin
968 3760 1108 3829 delinitio
1130 3785 1245 3848 genere
1267 3762 1442 3829 declaretur
1463 3769 1495 3828 et
1514 3763 1660 3849 proprie·

298 3867 399 3932 astate
427 3857 561 3946 quadam
591 3866 645 3924 ant
674 3858 770 3924 etiam
795 3858 1006 3925 communium
1036 3858 1232 3945 frequentia,
1267 3860 1460 3947 exquibus,
1495 3856 1661 3944 proprium

336 3952 413 4041 quid
442 3955 498 4032 sit,
531 3952 664 4020 eluceat.
709 3955 773 4019 Sed
802 3953 950 4041 quoniam
979 3955 1019 4019 de
1047 3952 1184 4040 propriis
1211 3955 1312 4019 oritur
1339 3956 1525 4041 plerumque
1547 3973 1660 4038 magna

337 4047 508 4126 dissensio,
532 4046 745 4115 deliniendum
767 4058 815 4114 est
836 4069 931 4134 saepe
953 4070 995 4115 ex
1015 4049 1196 4126 contrariis,
1229 4069 1323 4134 saepe
1345 4053 1439 4116 etiarn
1461 4071 1501 4114 ex
1524 4049 1661 4114 dissimi-

336 4141 435 4219 libus,
457 4164 553 4229 saepe
575 4164 615 4210 ex
637 4143 776 4230 paribus.
822 4123 1284 4228 Quamobrem(descriptiones
1305 4163 1432 4232 quoque
1453 4149 1524 4230 sunt
1545 4145 1578 4208 in
1599 4140 1660 4208 boc

338 4259 453 4323 genere
476 4260 570 4323 saepe
591 4249 682 4325 eptae
699 4249 732 4305 et
746 4240 941 4306 enumeratio
955 4238 1236 4330 consequentium)
1251 4239 1465 4327 imprimisque
1481 4243 1661 4306 commoret

299 4334 504 4422 uexplicatio
526 4333 673 4401 vocabuli
694 4354 731 4399 ac
752 4335 899 4400 nominis.

421 4432 475 4496 ta.
510 4432 544 4497 C.
570 4431 604 4496 F.
636 4431 715 4496 Sunt
742 4431 886 4517 exposita
912 4428 976 4496 iam
1003 4429 1072 4496 lere
1093 4450 1148 4507 ea,
1181 4449 1261 4516 quae
1282 4427 1322 4496 de
1343 4427 1426 4495 lacto
1450 4447 1595 4515 quaeque
1618 4427 1659 4494 de

408 4662 435 4714 1.
453 4653 568 4722 tnertts'a]
587 4659 688 4711 mmsis
706 4658 770 4722 BV,
788 4660 917 4713 morellus
935 4661 968 4714 R.
996 4687 1023 4700 -
1052 4663 1080 4714 9.
1099 4667 1254 4726 spectantur
1272 4673 1326 4713 om.
1344 4659 1394 4714 tta.
1414 4659 1481 4711 Vcn.
1503 4660 1578 4722 prob.
1595 4656 1659 4710 lien.

339 4758 375 4770 -
391 4733 418 4785 l.
438 4741 463 4786 st
480 4733 534 4783 tato
551 4729 584 4784 It.
602 4752 637 4767 —-
655 4731 696 4781 lte
713 4731 774 4783 RV:
794 4735 828 4782 tta
846 4733 876 4784 ll.
895 4757 929 4769 -
947 4734 973 4785 9.
993 4740 1018 4786 et
1035 4740 1095 4786 anm
1111 4735 1259 4796 praeterito
1277 4730 1375 4784 anal.
1396 4755 1427 4770 -
1445 4738 1471 4783 at
1488 4739 1549 4784 anta
1566 4733 1660 4798 sutoro

341 4818 395 4857 om·
413 4805 453 4864 lt,
473 4802 545 4856 unda
558 4800 691 4866 prodtreta
709 4805 877 4867 proesentis,
895 4807 1057 4871 mactante,
1077 4803 1179 4868 future
1202 4829 1230 4841 -
1250 4805 1294 4854 10.
1314 4797 1364 4866 bis]
1381 4804 1414 4853 tta
1427 4803 1460 4854 R.
1481 4827 1515 4838 -
1534 4804 1578 4856 ll.
1590 4815 1661 4866 quaa

340 4879 485 4936 ramponem
503 4875 536 4924 R.
556 4897 590 4910 ·-
620 4873 664 4924 16.
685 4875 782 4925 cecidit
801 4875 855 4925 Yv.
884 4901 916 4914 -
946 4873 989 4939 cc]
1009 4890 1089 4940 qoem
1108 4875 1140 4924 Y.
1158 4899 1191 4913 -·
1220 4875 1264 4926 19.
1284 4872 1532 4940 praecessent.
1554 4897 1584 4911 -
1614 4873 1658 4924 99.

341 4946 459 5010 clamer,
491 4945 602 4996 stulctm
620 4955 688 4996 corr.
709 4945 749 4996 Va
781 4945 881 4995 clamor
899 4949 1008 4998 auduus
1027 4946 1078 4998 Gn.
1097 4946 1138 5006 lt,
1169 4945 1270 4997 ckmor
1287 4946 1371 4996 celitur
1389 4945 1411 4995 ll
1429 4950 1471 5005 et,
1499 4949 1528 4996 ut
1545 4944 1660 5004 udatur,

342 5029 383 5080 pr.
403 5014 436 5066 V.
457 5039 488 5054 -
506 5017 550 5068 95.
569 5017 664 5077 ettam,
683 5016 708 5066 si
725 5015 869 5078 Vtotortua,
889 5017 971 5069 Aldus
989 5017 1097 5079 Napoca
1117 5017 1221 5069 sticourt
1238 5018 1269 5069 ll.
1289 5039 1320 5052 -
1339 5014 1382 5065 99.
1402 5017 1432 5065 to
1449 5017 1483 5067 lta
1499 5015 1533 5066 ll.
1552 5041 1587 5051 -
1613 5015 1659 5066 99.

342 5082 433 5149 atam]
452 5095 478 5138 et
494 5086 591 5209 ΚΥ-
624 5087 667 5140 39.
687 5082 735 5150 est]
754 5089 789 5138 att
804 5085 853 5140 nv
871 5095 898 5139 at
914 5089 983 5142 Ede.
1003 5095 1064 5141 ante
1082 5088 1163 5148 Ern,
1193 5093 1239 5152 qut
1258 5088 1369 5141 mutarit
1385 5099 1416 5139 es
1435 5087 1466 5138 b.
1501 5111 1531 5125 -
1553 5085 1607 5140 99.
1631 5089 1662 5139 tn

337 5158 436 5224 peltata
453 5170 519 5223 quos
562 5193 570 5210 .
