3714 5844
708 436 784 502 Lm.
807 435 834 502 1.
880 433 917 500 C.
939 435 993 501 ti.
1018 433 1069 502 ld.
1091 433 1143 499 te.
1528 431 1587 504 iSl

348 604 455 689 Ipsum
484 608 589 666 autem
617 618 714 685 genus
742 593 1022 682 argumentationis
1047 593 1196 662 vitiosum
1223 595 1272 661 his
1299 591 1340 662 de
1361 593 1463 664 musis
1484 603 1592 666 oeten·

264 698 372 772 dctus,
395 697 422 760 si
436 703 490 762 ant
508 697 543 760 in
564 695 634 778 ipso
650 691 760 759 vitium
775 692 835 756 erit
848 697 902 757 aut
922 692 949 756 si
970 710 1035 756 non
1056 693 1097 755 ad
1118 691 1170 766 id,
1194 691 1279 777 quod
1293 691 1442 767 instituit,
1464 712 1589 758 accom-

264 789 453 858 modabitur.
496 798 596 876 Atque
618 789 743 871 inipso
766 786 875 851 sitium
897 786 977 859 erit,
1007 787 1033 849 si
1055 786 1184 854 omnino
1206 793 1308 851 totum
1328 783 1441 852 salsum
1463 789 1539 862 crit,
1561 787 1589 854 si

263 905 445 961 commune,
478 886 506 949 si
527 886 673 967 vulgare,
706 883 733 946 si
754 881 839 954 lere,
873 877 900 945 si
920 886 1097 954 remotum,
1131 878 1159 946 si
1180 876 1261 944 mala
1283 876 1441 955 delinitio,
1464 882 1490 945 si
1513 901 1589 946 con·

262 988 457 1056 troversum,
480 978 507 1043 si
528 979 749 1065 perspicuum,
780 973 807 1040 si
828 994 892 1040 non
914 994 1113 1050 concessum,
1138 975 1164 1038 si
1185 981 1292 1060 turpe,
1316 975 1343 1040 si
1365 972 1537 1050 offensum,
1561 977 1611 1040 sis

262 1071 470 1148 contrarium,
503 1073 530 1138 si
551 1071 749 1146 inconstans,
784 1071 811 1134 si
832 1067 1010 1134 adversum.
1055 1071 1107 1138 90.
1129 1070 1254 1134 Falsum
1276 1076 1339 1143 cst,
1372 1067 1491 1155 inquo
1517 1089 1590 1157 per·

263 1168 370 1254 spicue
390 1168 589 1233 mendacium
611 1173 674 1241 est,
704 1167 767 1231 hoc
788 1167 902 1229 modo:
940 1167 1011 1228 Non
1032 1169 1136 1250 potest
1158 1184 1227 1229 esse
1249 1165 1390 1250 sapiens,
1417 1162 1472 1249 qui
1493 1183 1590 1252 pecu·

262 1259 346 1328 niam
369 1260 509 1348 negligit.
556 1263 701 1326 Socrates
723 1267 826 1324 autem
849 1261 1014 1345 pecuniam
1037 1260 1225 1344 negligebat.
1269 1261 1338 1322 Non
1353 1258 1450 1341 igitur
1463 1257 1589 1341 sapiens

262 1364 341 1422 erat.
384 1357 558 1422 Commune
587 1361 653 1431 est,
692 1356 776 1441 quod
805 1353 905 1419 nihilo
935 1355 1035 1440 magis
1064 1356 1104 1418 ab
1133 1351 1321 1419 adversariis
1342 1372 1435 1440 qnam
1458 1372 1477 1417 a
1498 1355 1589 1419 nobis

260 1449 351 1524 iacit,
373 1452 436 1515 hoc
458 1451 568 1515 modo:
604 1447 744 1525 Idcirco,
769 1446 906 1525 iudices,
930 1450 1004 1535 quia
1026 1466 1133 1513 rerem
1155 1468 1280 1513 causam
1302 1449 1475 1522 habebam,
1497 1445 1626 1514 brevies

261 1543 418 1632 peroravi.
466 1547 599 1629 Vulgare
622 1551 687 1618 est,
720 1544 805 1630 quod
827 1545 860 1607 in
882 1542 974 1609 aliam
997 1563 1124 1630 qnoque
1146 1565 1214 1608 rem
1235 1563 1300 1607 non
1321 1540 1532 1628 probabilem,
1561 1543 1587 1607 si

261 1659 344 1706 nunc
371 1659 555 1704 concessum
583 1640 640 1713 sit,
674 1636 838 1704 transferri
866 1637 981 1723 possit,
1013 1646 1048 1702 ut
1074 1641 1150 1704 hoc:
1188 1637 1221 1702 Si
1243 1656 1368 1702 causam
1389 1658 1497 1703 veram
1525 1658 1589 1703 non

261 1736 410 1810 baberet,
432 1735 522 1798 vobis
543 1753 592 1806 se,
623 1733 760 1808 iudices,
789 1753 853 1798 non
875 1731 1092 1798 commisisset.
1134 1735 1220 1797 Leve
1242 1738 1304 1806 est,
1335 1734 1421 1817 quod
1442 1741 1496 1798 eut
1517 1739 1589 1820 post

260 1837 384 1914 tempus
407 1826 536 1902 dicitnr,
568 1829 631 1892 hoc
653 1830 768 1893 modo:
807 1829 839 1892 Si
871 1828 903 1890 in
933 1832 1070 1892 mentem
1093 1829 1247 1900 venisset,
1281 1848 1344 1892 non
1366 1825 1585 1894 commisisset:

262 1930 315 1989 snt
335 1922 500 2010 perspicue
523 1930 646 2008 turpem
668 1943 736 1988 rem
756 1921 818 1987 lesi
841 1929 949 2007 tegere
971 1923 1040 1987 vult
1060 1919 1261 1997 defensione,
1284 1919 1345 1986 hoc
1368 1918 1479 1988 modos
1599 1936 1626 1980 ss

432 2046 506 2110 Cum
528 2053 555 2110 te
576 2047 747 2128 expetebant
768 2065 881 2118 omnes,
901 2045 1114 2128 licentissime

430 2144 532 2223 Regno
552 2141 678 2223 reliqui:
700 2159 779 2204 ssussc
799 2140 947 2204 desertm
967 2139 1004 2201 cb
1024 2139 1174 2214 oosos'bus,

429 2238 553 2302 &mmo
570 2237 699 2320 periclo,
722 2235 788 2300 solu
807 2243 841 2298 ut
861 2235 1037 2322 restituam,
1055 2253 1146 2318 puro.

345 2378 456 2444 XLIX.
485 2379 538 2442 lll.
577 2382 744 2443 Remotum
772 2384 837 2452 est,
872 2372 956 2462 quod
987 2376 1070 2439 ultra
1098 2395 1190 2461 quam
1221 2375 1295 2444 salis
1321 2384 1383 2452 est,
1419 2381 1587 2464 repetitur,

261 2471 454 2541 huiusmodi:
489 2470 611 2551 Quodsi
632 2493 697 2536 non
718 2474 750 2538 P.
774 2471 878 2557 Scipio
900 2468 1079 2535 Corneliam
1112 2467 1208 2536 liliam
1245 2470 1292 2537 Ti.
1319 2471 1459 2537 Graccho
1491 2473 1625 2540 collo-²⁰

262 2576 362 2634 cesset
390 2576 483 2653 atquo
511 2589 553 2632 ex
579 2587 617 2634 eu
645 2564 724 2631 duos
748 2566 907 2630 Gracchos
929 2573 1143 2650 procreasset,
1177 2573 1280 2630 tantae
1303 2565 1476 2632 seditiones
1497 2577 1587 2634 natae

261 2682 326 2728 non
356 2671 477 2739 essents
517 2681 614 2748 quare
646 2663 708 2726 boc
742 2659 977 2726 incommodum
1010 2659 1149 2746 Scipioni
1182 2661 1424 2728 adscribendum
1453 2663 1587 2732 videtur.

262 2757 449 2824 Huiusmodi
472 2764 521 2820 cst
540 2754 593 2822 illu
615 2769 749 2843 quoquo
763 2758 963 2842 conquestio:

431 2879 552 2944 Utinam
572 2899 608 2942 sse
629 2881 662 2942 e'n
682 2897 801 2944 nesure
821 2880 904 2944 Pelio
925 2878 1078 2944 securibus

429 2975 523 3039 Caeso
543 2973 697 3040 occidisset
717 2975 843 3056 abiegno
863 2974 903 3038 ud
923 2983 1038 3038 terrum
1058 2973 1175 3038 trudes!
1597 3001 1624 3044 n

261 3117 400 3202 Longius
430 3117 513 3182 enim
544 3117 675 3201 repetita
705 3123 771 3190 est,
809 3137 903 3202 qnam
929 3135 981 3180 res
1008 3114 1200 3197 postulabat.
1245 3115 1326 3183 blala
1354 3115 1494 3185 delinitio
1523 3125 1587 3193 est,

262 3230 332 3277 cum
354 3217 409 3276 adt
430 3212 607 3275 communia
627 3208 793 3283 describit,
825 3213 885 3274 hoc
907 3213 1021 3276 modo:
1060 3208 1235 3275 Seditiosus
1264 3219 1311 3276 est
1332 3210 1376 3286 is,
1410 3213 1464 3300 qui
1487 3214 1587 3280 malua

262 3315 355 3391 atque
375 3303 493 3369 inutilis
514 3305 590 3369 civis
613 3312 679 3384 est;
719 3302 800 3388 (nam
830 3306 892 3370 hoo
920 3325 983 3370 non
1009 3304 1108 3390 magis
1131 3305 1272 3372 seditiosi
1294 3326 1388 3393 qnam
1410 3305 1584 3385 ambitiosi,

261 3420 355 3488 qnam
377 3398 624 3475 calumniatoris,
649 3421 741 3487 quam
764 3401 898 3467 alicuius
919 3399 1056 3466 bominis
1078 3397 1217 3484 improbi
1238 3403 1303 3466 vim
1325 3399 1504 3488 describitsl
1535 3409 1588 3466 aut

261 3495 373 3561 lalsum
402 3495 550 3580 quiddam
582 3497 674 3571 dicit,
709 3495 771 3562 hoo
797 3504 908 3580 pacto:
948 3496 1106 3579 Sapientia
1137 3503 1184 3560 est
1212 3498 1366 3578 pecuniae
1387 3499 1586 3583 quaerendae
1596 3511 1624 3553 ³⁰

261 3588 482 3676 intelligentia3
510 3596 565 3655 aut
586 3587 703 3676 aliquid
725 3611 789 3656 non
812 3612 906 3676 grave
928 3611 987 3655 nec
1008 3608 1153 3674 magnum
1177 3589 1358 3666 continens,
1383 3594 1444 3658 sic:
1481 3591 1587 3657 Stulti-

261 3685 302 3748 tia
325 3691 373 3749 cst
394 3683 564 3749 immensae
587 3683 707 3768 gloriae
730 3685 893 3771 cupiditas.
938 3689 994 3750 Est
1020 3686 1099 3763 baec
1127 3683 1254 3770 quidem
1283 3687 1431 3761 stultitia,
1466 3683 1523 3750 sed
1547 3706 1587 3751 ex
1682 3753 1688 3766 ,
1738 3742 1744 3751 ,

261 3788 349 3868 parte
371 3780 521 3866 quadam.
544 3799 608 3843 non
630 3799 671 3844 ex
693 3782 778 3845 omni
801 3800 918 3865 genere
940 3777 1077 3845 definita.
1125 3779 1369 3845 controversum
1386 3787 1451 3857 est,
1474 3781 1584 3866 inquo

261 3877 301 3940 ad
322 3871 451 3941 dubium
474 3871 752 3940 demonstrandum
774 3876 869 3940 dubia
890 3894 983 3938 causa
1004 3872 1149 3951 affertur,
1170 3876 1234 3940 boc
1255 3874 1366 3942 modo:

428 4014 498 4079 Eleo
519 4024 567 4090 tu,
590 4015 638 4090 dt,
661 4016 766 4099 quibus
787 4024 829 4080 eet
845 4024 977 4098 potestus
997 4024 1095 4080 motus
1116 4023 1256 4100 superum
1277 4026 1364 4103 atque
1384 4018 1529 4103 ligerum,
1595 4031 1622 4078 ss

428 4112 536 4174 Pacem
556 4111 635 4174 inter
656 4130 718 4174 sese
738 4111 912 4184 eosscs'liuut,
933 4111 1088 4194 creseunt
1108 4112 1310 4176 concordium.

330 4329 357 4379 S.
377 4329 495 4379 tostitm't
512 4325 555 4378 Pe
574 4334 601 4378 et
619 4339 686 4379 corr.
707 4327 746 4379 T:
767 4330 876 4380 instruit
895 4342 934 4391 pr.
953 4327 991 4388 T,
1010 4329 1166 4380 instituitur
1185 4328 1242 4380 RE.
1267 4353 1299 4365 -
1331 4330 1375 4381 ll.
1401 4331 1427 4381 si
1441 4344 1495 4380 coss
1518 4329 1586 4381 PtT

261 4403 288 4451 et
306 4404 408 4448 sensum
427 4411 479 4449 non
500 4411 600 4450 omnes.
629 4398 663 4448 Ut
680 4411 743 4458 nos,
764 4399 839 4451 held.
859 4399 895 4448 ll.
917 4400 950 4448 li.
967 4424 997 4436 -
1018 4400 1062 4450 12.
1081 4405 1111 4450 os
1129 4399 1176 4450 boc
1194 4401 1237 4450 Ph
1256 4407 1283 4454 et
1301 4413 1367 4452 corr.
1382 4399 1424 4452 Ts
1443 4401 1491 4452 hoe
1508 4402 1586 4452 modo

261 4469 361 4522 licum
380 4469 403 4519 ll
422 4477 449 4520 et
467 4482 507 4531 pr.
528 4469 560 4520 T.
582 4491 609 4505 -
639 4483 746 4520 eausam
764 4483 852 4521 ussum
871 4469 954 4521 Pan:
975 4484 1065 4520 uerum
1082 4483 1190 4521 eausam
1210 4470 1267 4522 RE.
1289 4498 1318 4511 -
1350 4471 1393 4522 15.
1419 4477 1468 4522 cut
1484 4473 1586 4537 perspl-

260 4555 305 4592 eue
325 4539 416 4591 PART
441 4545 469 4590 es
495 4546 595 4591 tensum
615 4553 667 4591 non
687 4552 798 4592 ornnes:
829 4546 878 4591 out
898 4543 924 4590 ss'
946 4543 1083 4604 perspicue
1105 4554 1165 4594 cum
1185 4541 1383 4594 Gsesenburcb.
1403 4541 1480 4595 Grut.
1502 4543 1531 4594 Ε.
1555 4565 1585 4582 ·-

261 4619 365 4674 turpem
390 4623 446 4660 rem
472 4609 583 4660 PhRT:
613 4624 668 4661 sem
686 4619 789 4674 turpem
809 4610 840 4662 ll.
871 4635 900 4648 -
932 4611 975 4660 se.
1000 4615 1127 4672 repetitur
1149 4613 1188 4672 T,
1208 4613 1247 4662 h:
1276 4615 1407 4676 reperitur
1423 4613 1463 4673 Α,
1488 4617 1586 4678 petitur

260 4679 339 4732 Pllll.
369 4679 423 4732 Cir.
443 4679 503 4729 Lib.
523 4681 550 4738 2,
570 4677 598 4744 8.
618 4681 645 4732 S.
668 4705 695 4717 -
726 4682 769 4730 2⁰.
789 4682 938 4731 huiusmodi
957 4680 1048 4732 PART
1068 4689 1212 4733 ettautusn
1232 4695 1283 4734 non
1303 4697 1414 4736 omness
1442 4684 1489 4734 loc
1507 4683 1585 4734 modo

261 4751 293 4803 Ε.
315 4776 344 4790 -
364 4752 408 4803 25.
428 4763 507 4801 essese
526 4751 661 4803 occidisset
680 4751 823 4803 oudone:
844 4763 920 4804 caeso
934 4751 1113 4812 recisuram,
1139 4767 1232 4804 cussus
1250 4756 1406 4806 accedissent
1423 4754 1483 4816 (slcl
1500 4769 1539 4815 pr.
1552 4755 1583 4816 P,

260 4835 351 4875 suesce
369 4822 520 4873 cecidissent
539 4823 609 4872 ΛΚΤ
628 4828 656 4873 et
673 4835 740 4874 corr.
761 4822 791 4875 P.
822 4846 850 4860 -
883 4822 996 4887 abiegna
1021 4834 1073 4872 om.
1100 4821 1170 4874 ΛΒΤ
1195 4830 1279 4885 etpr.
1301 4824 1330 4874 P.
1352 4824 1583 4887 Cir.Topte.1d.

261 4901 313 4944 ees.
336 4916 363 4928 -
384 4892 428 4943 28.
448 4893 511 4944 etuis
529 4899 567 4942 ess
584 4893 654 4944 aas
673 4901 700 4945 et
718 4907 785 4944 corr.
806 4892 835 4943 P.
857 4890 919 4950 lom.
941 4900 978 4941 ess
997 4904 1036 4954 pr.
1057 4888 1100 4958 P.)
1122 4917 1151 4930 -
1171 4893 1215 4944 2⁹.
1235 4895 1348 4945 homenis
1366 4895 1480 4958 tmprobs‘
1498 4896 1582 4948 Psi:

260 4963 374 5026 improbi
389 4964 502 5015 hominis
521 4963 575 5014 llll.
599 4989 627 5002 -
649 4965 692 5014 82.
713 4964 819 5016 sblsllsn
837 4964 973 5013 immense.
1008 4961 1079 5026 Vlrg.
1100 4964 1167 5014 hen.
1187 4963 1214 5022 o,
1234 4964 1313 5015 ms
1333 4965 1442 5017 laudum
1459 4967 1585 5018 imma

260 5034 365 5157 ppptqp.
376 5035 442 5158 Alqd
465 5035 527 5086 lter.
547 5035 574 5096 2,
595 5033 638 5096 22,
658 5033 723 5086 db:
742 5035 859 5086 stulss'stc
874 5036 951 5098 perit
967 5034 1107 5087 immunes
1125 5035 1310 5100 capessentes.»
1330 5035 1412 5090 hess.
1434 5061 1464 5075 -
1490 5036 1534 5090 ³5.
1555 5037 1585 5089 dl
