3720 5840
660 403 735 467 nm.
759 401 799 466 11.
844 401 878 468 c.
893 399 932 495 ¹s.
955 401 987 464 o.
1010 399 1042 464 r.
1066 400 1098 466 s.
1503 391 1543 462 u

219 563 311 628 locus
344 569 414 638 est,
452 581 523 628 cum
555 560 802 628 miscricordIam
837 570 939 646 captat
969 568 1002 626 et
1030 581 1101 626 cum
1123 565 1337 626 accusatorem
1360 557 1543 623 calumniari

220 661 415 722 criminatur.
461 659 649 723 Communes
680 657 743 722 loci
774 666 844 722 sunt
867 677 938 720 cum
960 658 1169 732 accusatoris,
1203 664 1270 719 tum
1292 655 1489 731 defensoris,
1524 675 1544 718 a

219 756 354 818 testibus
385 759 493 816 contra
525 759 636 828 testes,
671 772 688 816 a
716 749 952 838 quaestionibus
982 758 1091 815 contra
1119 749 1339 838 quaestiones,
1377 751 1417 813 ab
1450 767 1545 832 argu-

220 848 334 911 mentis
364 855 473 911 contra
506 855 706 930 arguments,
746 867 765 911 a
793 847 975 910 rumoribus
1005 853 1113 910 contra
1146 867 1301 910 rumores.
1356 847 1383 910 A
1411 843 1543 907 testibus

222 944 362 1006 dicemus
391 943 563 1006 secundum
592 940 808 1006 auctoritatem
837 947 869 1004 et
896 941 992 1004 vitam
1020 939 1145 1006 testium
1175 949 1207 1005 et
1230 942 1434 1007 constantiam
1457 940 1567 1006 testi-s

221 1039 413 1102 moniomm.
467 1038 582 1101 Contra
610 1044 728 1112 testes,
763 1035 845 1100 vitae
868 1033 1116 1118 turpitudinem,
1155 1035 1405 1102 testimoniorum
1437 1037 1545 1099 incon·

221 1134 382 1210 stantiam;
415 1133 442 1196 si
470 1139 524 1195 aut
551 1128 623 1194 fieri
650 1151 715 1194 non
736 1131 878 1214 potuisse
901 1130 1042 1194 dicemus
1065 1138 1205 1196 autnon
1227 1132 1343 1196 lactum
1367 1153 1436 1196 esse
1459 1132 1545 1218 quod

222 1229 348 1303 dicant,
383 1234 438 1291 aut
470 1225 549 1291 scire
578 1228 650 1291 illos
679 1247 744 1290 non
777 1226 917 1308 potuisse
947 1231 1001 1289 aut
1034 1226 1147 1307 cupide
1181 1225 1286 1290 dicere
1318 1233 1350 1291 et
1380 1245 1545 1309 argumen-

223 1322 291 1385 tari.
337 1323 423 1386 Ilaec
446 1329 477 1385 et
499 1323 539 1385 ad
560 1322 826 1403 improbationem
849 1327 880 1383 et
901 1316 1162 1402 approbationem
1184 1323 1309 1385 testium
1326 1321 1543 1405 pertinebunt.

220 1418 290 1480 Vll.
317 1419 366 1480 10.
391 1421 415 1480 Α
440 1417 674 1503 quaestionibus
697 1415 854 1490 dicemus,
891 1434 961 1478 cum
991 1415 1275 1482 demonstrabimus
1310 1414 1450 1479 maiores
1478 1413 1583 1477 verino

221 1509 403 1575 inveniendi
426 1529 519 1574 carrsa
542 1511 705 1573 tormentis
729 1518 760 1573 et
776 1510 915 1572 cruciatu
936 1507 1073 1573 voluisse
1095 1509 1205 1596 quaeri
1234 1517 1266 1574 et
1288 1529 1410 1573 summo
1434 1509 1546 1573 dolore

222 1604 367 1669 homines
389 1605 484 1689 cogi,
518 1611 554 1668 ut
576 1601 727 1690 quidquid
749 1601 871 1680 sciant,
907 1605 1021 1669 dicant.
1077 1607 1116 1667 Et
1137 1612 1301 1687 praeterea
1334 1603 1548 1669 confirmatior

222 1699 301 1763 baec
324 1698 385 1763 erit
407 1699 599 1781 disputatio,
634 1696 678 1770 si,
702 1717 782 1783 quae
805 1699 887 1761 dicta
910 1704 1002 1761 erunt
1023 1699 1293 1780 argumentando,
1330 1697 1443 1761 iisdem
1466 1697 1545 1774 viis,

222 1794 336 1878 quibus
370 1796 471 1857 omnis
506 1791 686 1857 coniectura
719 1799 885 1868 tractatur,
926 1792 1087 1858 trahemus
1119 1794 1158 1856 ad
1190 1793 1257 1857 veri
1287 1790 1423 1856 similem
1445 1791 1547 1875 suspi-

223 1885 369 1964 cionem;
405 1885 553 1972 idemque
586 1887 648 1951 hoc
680 1885 713 1952 in
743 1883 929 1951 testimoniis
957 1885 1062 1950 iacere
1092 1885 1263 1969 oportebit.
1312 1886 1427 1950 Contra
1449 1905 1583 1971 quae-as

222 1983 340 2046 stiones
362 1982 425 2045 hoc
450 1983 545 2044 modo
569 1983 731 2046 dicemus:
757 1982 912 2064 primum,
933 1982 1070 2044 maiores
1100 1982 1236 2045 soluisse
1265 1983 1359 2045 certis
1388 1979 1421 2045 in
1447 1982 1545 2044 rebus

222 2075 379 2160 interponi
403 2075 622 2163 quaestiones,
646 2096 739 2154 cum,
764 2097 845 2164 quae
866 2097 942 2140 vore
965 2073 1164 2153 dicerentur,
1189 2078 1282 2152 sciri,
1307 2095 1387 2161 quae
1409 2074 1489 2140 falso
1512 2075 1547 2139 in

221 2173 403 2258 quaestione
427 2172 727 2255 pronuntiarentur,
766 2171 868 2236 refelli
889 2177 1040 2254 possent,
1075 2173 1137 2236 hoc
1159 2173 1278 2236 modo:
1319 2172 1388 2247 Quo
1418 2170 1451 2235 in
1473 2171 1545 2234 loeo

223 2266 298 2352 quid
321 2265 458 2351 positum
481 2270 542 2344 sit,
568 2273 646 2332 etsi
669 2267 744 2354 quid
768 2274 852 2331 esset
873 2265 997 2340 simile,
1022 2265 1107 2350 quod
1129 2262 1229 2328 videri
1252 2270 1306 2328 aut
1323 2263 1429 2348 aliquo
1452 2261 1546 2328 simili

222 2359 313 2445 signo
335 2359 457 2444 percipi
480 2371 608 2444 posset;
647 2364 783 2436 deinde,
818 2359 922 2424 dolori
944 2357 1031 2424 credi
1053 2379 1117 2422 non
1147 2366 1315 2441 oportere,
1352 2361 1437 2445 quod
1466 2360 1583 2424 aliusao

222 2457 284 2518 alio
307 2457 465 2520 recentior
487 2457 526 2519 sit
549 2455 581 2520 in
597 2459 725 2532 dolore,
750 2457 836 2540 quod
850 2452 1045 2537 ingeniosior
1060 2454 1100 2516 ad
1116 2452 1434 2529 comminiscendum,
1459 2456 1544 2538 quod

222 2548 358 2635 denique
381 2569 476 2631 saepe
498 2549 578 2616 scire
602 2558 656 2615 aut
678 2547 829 2632 suspicari
852 2547 974 2630 possit,
1011 2547 1086 2631 quid
1114 2547 1273 2632 quaesitor
1305 2545 1382 2610 velit
1412 2546 1543 2625 audire3

222 2645 308 2728 quod
331 2663 401 2707 cum
425 2643 560 2720 dixerit,
583 2644 737 2728 intelligat
759 2641 819 2707 sibi
841 2639 935 2706 finem
959 2641 1079 2705 doloris
1100 2640 1251 2706 futurum.
1297 2642 1384 2705 Ilaec
1407 2643 1546 2727 disputa-

221 2739 266 2801 tio
296 2735 572 2818 comprobabitur,
607 2737 634 2804 si
666 2739 867 2812 refellemus,
903 2757 983 2822 quae
1013 2737 1046 2799 in
1075 2736 1312 2820 quaestionibus
1342 2741 1434 2800 erunt
1462 2735 1547 2800 dicta
1587 2750 1593 2766 ·

222 2831 380 2917 probabili
402 2832 694 2916 argumentatione;
717 2831 813 2919 idque
836 2832 978 2916 partibus
1000 2828 1225 2907 coniecturae,
1250 2851 1328 2917 quas
1350 2838 1423 2897 ante
1446 2846 1582 2916 expo-ss

222 2924 358 3002 smmus,
383 2926 489 2990 iacere
511 2929 681 3010 oportebit.
728 2930 778 2992 11.
803 2929 851 2992 Ab
874 2925 1066 3012 argumentis
1089 2932 1121 2990 et
1142 2925 1238 3012 signis
1262 2933 1294 2990 et
1317 2926 1429 2992 ceteris
1451 2927 1543 3004 locis,

221 3015 337 3104 quibus
360 3030 492 3105 augetur
513 3021 671 3106 suspicio,
707 3022 811 3088 dicere
834 3024 897 3087 hoc
919 3025 1015 3087 modo
1039 3020 1209 3086 convenit:
1250 3023 1327 3087 Cum
1349 3024 1446 3087 multa
1469 3043 1545 3087 con-

222 3121 349 3190 currant
370 3123 555 3199 argumenta
576 3124 608 3179 et
629 3115 739 3200 signa,
764 3137 844 3202 quae
860 3116 943 3182 inter
957 3138 992 3183 sa
1009 3117 1224 3192 consentiant,
1247 3137 1315 3181 rem
1330 3118 1542 3205 perspicuam,

221 3229 285 3272 non
308 3208 514 3292 suspiciosam
535 3209 637 3277 videri
660 3219 821 3299 oportere.
875 3215 971 3277 Item:
1009 3213 1080 3297 plus
1102 3218 1250 3296 oportere
1273 3210 1369 3296 signis
1392 3219 1424 3277 et
1453 3232 1546 3297 argu·

221 3301 335 3367 mentis
358 3306 444 3368 credi
466 3325 559 3392 quam
581 3305 729 3386 testibus3
755 3305 832 3372 baec
855 3309 939 3372 enim
962 3327 1000 3371 eo
1024 3307 1119 3369 modo
1143 3306 1278 3389 erponi,
1303 3327 1366 3392 quo
1388 3309 1484 3372 modo
1508 3329 1581 3380 resa

221 3418 295 3462 vera
318 3396 380 3463 sint
402 3407 508 3483 gesta3
543 3409 640 3466 testes
672 3403 830 3485 corrumpi
859 3422 953 3485 posse
983 3399 1035 3464 vel
1062 3399 1164 3485 pretio
1192 3402 1244 3465 vel
1267 3400 1363 3484 gratia
1384 3405 1435 3468 vel
1457 3410 1545 3468 metu

221 3492 274 3555 uel
295 3490 462 3558 simultate.
509 3494 624 3560 Contra
645 3503 827 3580 argumenta
849 3503 881 3560 et
902 3495 990 3580 signa
1012 3501 1045 3558 ct
1058 3499 1179 3558 ceteras
1194 3494 1389 3580 suspiciones
1404 3495 1543 3562 dicemus

127 3671 131 3679 Ι
220 3586 283 3650 boe
305 3590 423 3652 modo:
458 3589 484 3653 si
507 3589 788 3654 demonstrabimus
811 3591 930 3654 nullam
952 3608 1019 3652 rem
1041 3609 1129 3664 esse,
1154 3605 1247 3673 quam
1270 3609 1334 3652 non
1358 3592 1544 3673 suspicioni-

221 3684 281 3748 bus
303 3683 405 3770 quivis
428 3684 527 3772 possit
548 3684 727 3764 criminari3
759 3683 895 3762 deinde,
930 3703 1023 3747 unam
1044 3703 1200 3768 quamque
1223 3682 1433 3766 suspicionem
1456 3694 1544 3749 exte·

220 3779 388 3843 nuabimus
410 3789 443 3843 et
463 3777 606 3845 dabimus
629 3800 782 3867 operam,
816 3787 853 3845 ut
874 3781 1075 3843 ostendamus
1097 3775 1195 3842 nibilo
1218 3777 1317 3862 magis
1337 3777 1370 3842 in
1393 3799 1451 3843 nos
1473 3798 1579 3852 eamn

221 3891 315 3958 quam
337 3871 371 3936 in
392 3873 487 3939 alium
510 3874 690 3962 quempiam
712 3874 903 3954 convenire,
937 3872 1102 3957 indignum
1131 3872 1252 3937 facinus
1274 3893 1344 3937 esse
1366 3871 1434 3938 sine
1456 3874 1543 3937 testi·

220 3969 281 4033 bus
302 3965 515 4033 coniecturam
537 3977 571 4034 ct
591 3969 802 4055 suspicionem
824 3968 1012 4044 firmamenti
1034 3966 1109 4032 satis
1131 3968 1259 4036 habere.
1309 3969 1393 4032 VIII.
1431 3970 1480 4033 12.
1515 3970 1543 4033 Α
1603 3997 1606 4006 ·

221 4064 403 4128 rumoribus
437 4062 591 4141 dicemus,
630 4067 656 4129 si
688 4064 874 4150 negabimus
903 4071 1022 4130 temere
1051 4065 1167 4128 famam
1194 4061 1281 4128 nasci
1302 4065 1426 4139 solere,
1466 4064 1542 4147 quia

221 4156 323 4222 subsit
345 4156 485 4245 aliquid;
517 4158 596 4223 etsi
618 4159 757 4225 dicemus
780 4178 904 4224 causam
925 4180 990 4224 non
1011 4157 1129 4235 luisse,
1167 4178 1264 4244 quare
1288 4155 1442 4244 quispiam
1465 4177 1542 4220 con-

219 4253 355 4335 fingeret
376 4261 408 4318 et
428 4251 739 4335 comminisceretur;
778 4260 811 4319 et
834 4261 1013 4341 praeterea,
1051 4256 1077 4317 si
1100 4254 1197 4317 ceteri
1219 4253 1291 4316 Ialsi
1313 4252 1436 4316 soleant
1457 4273 1578 4329 essem

220 4350 510 4432 argumentabimur
541 4350 625 4414 bunc
657 4371 725 4414 csse
750 4371 872 4416 verum.
918 4348 1033 4413 Contra
1060 4367 1204 4413 rumores
1227 4348 1367 4412 dicemus
1389 4347 1539 4434 primum,

221 4443 248 4508 si
270 4443 455 4508 docebimus
478 4445 595 4510 multos
617 4465 685 4510 esse
707 4445 803 4510 lalsos
825 4463 968 4510 rumores
991 4452 1022 4509 et
1037 4445 1189 4530 exemplis
1204 4449 1345 4520 utemur,
1371 4441 1541 4531 dequibus

220 4535 299 4602 Islsa
318 4539 404 4603 tama
423 4539 536 4619 fuerit3
561 4547 594 4606 et
615 4547 669 4605 aul
688 4540 833 4604 inimicos
854 4547 980 4604 nostros
1002 4535 1055 4604 aut
1075 4541 1221 4604 homines
1242 4544 1353 4603 natura
1368 4540 1541 4604 malevolos

250 4767 255 4776 ·
289 4739 316 4792 9.
337 4749 362 4793 ct
379 4741 415 4792 od
432 4743 648 4804 improbationem
666 4747 691 4793 ct
707 4741 745 4791 od
761 4743 996 4806 interroqcttoacm
1014 4739 1055 4791 PF
1074 4747 1117 4802 et,
1147 4741 1244 4793 omisso
1262 4740 1345 4794 altero
1364 4740 1419 4796 od.
1449 4739 1488 4800 Α,
1515 4743 1541 4792 ct

220 4807 259 4863 ad
282 4811 502 4878 improbationem
519 4820 543 4864 st
567 4815 603 4864 od
627 4816 882 4876 arqumcatctioncm
901 4812 939 4872 B,
968 4817 993 4862 ct
1016 4811 1053 4862 ad
1074 4810 1255 4875 probationem
1274 4820 1298 4865 st
1316 4813 1352 4864 cd
1369 4812 1541 4877 improbotto·

221 4897 279 4934 acm
297 4881 329 4934 T.
350 4910 383 4920 -
404 4885 448 4936 11.
467 4887 587 4934 arcuata
604 4883 758 4934 Passus:
778 4883 938 4934 cruciculas
951 4883 983 4932 B.
1005 4909 1034 4922 -
1055 4881 1099 4933 17.
1109 4881 1182 4948 sciri]
1201 4898 1245 4937 scu
1260 4917 1267 4933 .
1283 4919 1292 4936 .
1311 4885 1348 4944 I’,
1369 4897 1414 4936 scu
1425 4882 1445 4932 p
1458 4890 1484 4933 ct
1497 4895 1538 4944 pr.

221 4957 262 5015 A,
287 4959 352 5005 cetra
370 4953 409 5017 n,
434 4956 539 5006 camari
556 4954 604 5007 III
624 4961 651 5007 ct
670 4967 737 5006 corr.
756 4953 789 5004 Α.
828 4954 858 5004 In
880 4952 1007 5004 Iladscr.
1027 4954 1085 5006 cad.
1106 4967 1141 5004 m.
1160 4957 1235 5007 scira
1260 4979 1294 4992 ..,
1324 4956 1368 5006 πί.
1387 4955 1541 5006 rsttcmttor

223 5025 276 5076 duo
295 5025 425 5077 Lambini.
463 5023 497 5077 Ut
514 5038 579 5085 nos,
607 5029 689 5076 nostrl
709 5039 815 5084 omues,
846 5026 873 5074 ln
891 5025 923 5074 R.
943 5037 1003 5075 cum
1021 5023 1099 5089 gloss.
1120 5027 1245 5078 tenerior.
1266 5049 1298 5066 -
1328 5025 1372 5078 ³0.
1392 5037 1445 5092 quo
1462 5021 1540 5076 modo

221 5094 350 5150 Parus:
369 5111 422 5161 quo
439 5097 494 5150 BE·
516 5119 545 5135 -
565 5095 608 5150 36.
628 5095 731 5162 focinus
749 5109 802 5148 estc
818 5095 973 5148 Passus:
991 5108 1044 5150 mc
1057 5097 1160 5165 {omaus
1179 5095 1211 5148 Il.

279 5197 350 5242 cicero
363 5196 386 5242 I'.
401 5196 417 5246 Ι,
1170 5195 1192 5264 2
