3720 5840
284 431 324 497 to
497 383 500 398 ι
791 431 845 496 nn
868 431 1107 496 annuntium

280 593 409 684 propria
430 593 502 676 lege
524 592 611 658 venit
632 591 666 658 in
680 592 832 658 iudicium
845 638 857 667 ,,
879 611 960 677 quae
974 598 1080 657 tamen
1096 593 1136 658 ab
1152 593 1221 660 aliis
1235 590 1358 678 legibus
1373 594 1609 662 similitudinem

280 691 436 778 quandam
459 694 643 774 aucupatur.
687 690 734 754 Ea
756 694 805 752 est
826 688 1019 752 huiusmodi.
1064 690 1131 752 Lex
1153 697 1219 752 est:
1252 691 1288 754 Si
1309 706 1470 756 Furiosus
1491 709 1607 766 uscia,

279 803 464 855 arcuatum
480 801 732 858 crurrtruuouu
749 801 784 848 ru
798 798 842 848 uo
859 800 1070 858 eucuumouu
1085 801 1161 848 urus
1177 801 1346 850 rorusras
1362 802 1458 851 asro.
1481 789 1520 851 Et
1534 785 1606 854 lex:

282 883 550 960 Quirenarum
570 897 715 948 uacasse
738 895 918 944 lupicenus
945 895 1045 952 sarr,
1079 896 1122 942 uu
1153 897 1184 945 rs
1214 895 1413 946 ouvoiurus
1441 898 1483 944 au
1514 899 1609 948 orit·

257 994 386 1045 scarus
420 993 524 1043 como
558 992 762 1040 ouveuaruu
794 993 829 1039 ru
859 991 1112 1038 ruortuuureu.
1157 976 1197 1038 Et
1221 972 1297 1039 lex:
1334 977 1606 1044 Parnassurirss

280 1091 338 1139 u'rr
360 1091 466 1138 surra
486 1089 630 1136 sauram
651 1086 837 1135 racuursvu
859 1083 922 1134 sua
943 1085 1119 1142 anassem,
1155 1086 1212 1133 irs
1240 1087 1294 1134 rus
1316 1086 1413 1135 asro.
1471 1073 1510 1137 Et
1536 1071 1606 1139 lex:

280 1169 315 1234 Si
338 1182 606 1232 rerurrsurrrss
629 1181 816 1229 rurssraro
839 1180 1013 1236 troarnen,
1046 1181 1189 1229 usuriis
1216 1182 1427 1239 rucuursour:
1449 1185 1525 1233 utus
1548 1187 1608 1234 so·

281 1279 418 1328 ousuuu
441 1277 695 1335 osurrurustouu
718 1277 815 1324 asro.
871 1260 1038 1324 Malleolus
1059 1261 1214 1322 iudicatus
1238 1266 1285 1322 est
1307 1267 1439 1324 matrem
1461 1283 1604 1328 necasse.

279 1354 317 1422 Ei
347 1359 493 1420 damnato
522 1356 626 1418 statim
654 1355 797 1420 folliculo
827 1355 937 1440 lupino
959 1374 996 1419 os
1019 1356 1204 1418 obvolutum
1228 1360 1276 1416 est
1299 1362 1330 1417 et
1353 1357 1459 1420 soleae
1483 1359 1606 1441 ligneae

242 1467 270 1508 1⁰
281 1450 416 1537 pedibus
439 1451 567 1515 indutae
591 1458 663 1514 sunt
686 1457 718 1514 et
740 1451 772 1514 lu
794 1470 953 1515 carcerem
976 1452 1087 1514 ductus
1110 1456 1167 1512 est.
1214 1449 1276 1525 Qui
1291 1449 1504 1515 defendebant
1519 1473 1604 1530 cum,

279 1546 402 1608 tabulas
424 1545 457 1606 in
481 1565 640 1608 carcerem
661 1542 818 1622 afferunt3
857 1552 1076 1608 testamentum
1098 1544 1168 1627 ipso
1191 1551 1356 1628 praesente
1380 1549 1604 1626 conscribunt;

279 1645 375 1704 testes
397 1647 484 1704 recte
506 1638 680 1716 affuerunt3
705 1641 745 1704 de
766 1641 821 1703 illo
845 1639 1031 1724 supplicium
1057 1635 1184 1723 [paullo]
1204 1644 1276 1723 post
1290 1640 1433 1703 sumitur.
1478 1642 1524 1717 Ii,
1550 1643 1604 1728 qui

279 1735 414 1802 heredes
437 1741 525 1799 erant
547 1742 752 1810 testamento,
787 1734 994 1798 hereditatem
1022 1735 1149 1797 adeunt.
1195 1735 1305 1798 Frater
1326 1736 1428 1798 minor
1452 1737 1604 1813 Malleoli,

281 1831 336 1916 qari
357 1849 429 1894 eum
451 1838 689 1915 oppugnaverat
709 1831 742 1894 in
765 1831 832 1893 eius
854 1829 1019 1914 periculo,
1057 1848 1146 1891 suam
1175 1837 1267 1892 vocat
1294 1829 1502 1894 hereditatem
1535 1832 1606 1914 iege

242 1940 271 1982 1⁵
282 1922 469 2008 agnationis.
515 1924 574 1988 llic
596 1933 681 1988 certa
704 1925 756 1988 lex
778 1925 810 1987 in
833 1943 900 1988 rem
922 1923 1009 1986 nulla
1031 1920 1180 1998 affertur,
1210 1932 1243 1986 et
1263 1929 1368 1988 tamen
1392 1927 1508 1989 multae
1529 1929 1606 1988 aile-

280 2027 411 2095 runtur,
437 2040 455 2083 e
478 2020 594 2104 quibus
616 2019 813 2084 ratiocinatio
836 2019 994 2092 nascitur,
1028 2037 1126 2102 quare
1146 2019 1286 2102 potuerit
1308 2027 1362 2082 aut
1384 2039 1448 2084 non
1468 2022 1607 2105 potuerit

279 2117 349 2179 iure
382 2121 601 2178 testamentum
634 2113 752 2178 facere.
813 2113 1001 2179 Constitutio
1034 2113 1175 2196 legitima
1204 2121 1251 2176 est
1277 2134 1317 2177 ex
1350 2113 1601 2179 ratiocinatione.

281 2207 463 2274 Cuiusmodi
485 2218 589 2295 partes
613 2216 718 2273 essent
738 2209 898 2292 legitimae
922 2204 1174 2282 constitutionis,
1210 2208 1422 2272 ostendimus:
1458 2230 1541 2273 nuuc
1564 2212 1603 2274 de

279 2305 448 2368 iuridiciali
471 2305 692 2368 constitutione
716 2305 867 2367 dicamus.

243 2413 272 2458 u
366 2399 450 2463 xiv.
472 2400 524 2461 tt.
569 2396 755 2462 Iuridicialis
789 2395 969 2462 constitutio
1002 2407 1063 2472 est,
1100 2417 1171 2462 cum
1204 2395 1317 2462 iactum
1350 2394 1512 2469 convenit,
1548 2395 1604 2462 sed

279 2491 350 2558 inre
386 2514 426 2558 an
454 2490 568 2556 iniuria
595 2490 709 2556 iactum
738 2491 791 2566 sit,
828 2492 999 2576 quaeritur.
1043 2492 1119 2558 Eius
1151 2490 1380 2557 constitutionis
1407 2499 1511 2576 partes
1533 2499 1605 2557 sunt

281 2591 375 2661 duae,
400 2607 532 2673 quorum
555 2607 617 2652 una
639 2585 796 2660 absoluta,
819 2587 915 2652 altera
937 2586 1125 2672 assumptiva
1146 2586 1335 2652 nominatur.
1380 2585 1531 2651 Absoluta
1547 2595 1603 2662 est,

280 2701 352 2746 cum
373 2680 405 2746 id
427 2685 543 2767 ipsum,
580 2680 665 2766 quod
687 2680 801 2746 iactum
824 2689 884 2756 est,
920 2689 955 2746 ut
982 2681 1066 2747 aliud
1095 2681 1170 2747 nibil
1191 2681 1269 2748 ioris
1290 2691 1482 2756 assumatur,
1519 2695 1604 2748 recte

280 2775 395 2842 factum
427 2797 496 2844 esse
530 2775 680 2841 dicemus.
726 2780 771 2841 Ea
804 2783 850 2839 cst
880 2777 1075 2842 huiusmodi:
1117 2776 1229 2842 Mimus
1262 2776 1389 2861 quidam
1421 2777 1603 2845 nominatim

244 2874 409 2936 tthccium
437 2880 561 2954 poetam
592 2869 788 2955 compellavit
815 2874 847 2936 in
876 2889 976 2938 scena.
1020 2874 1096 2936 Cum
1124 2891 1163 2936 eo
1185 2870 1296 2936 riccius
1318 2871 1503 2936 iniuriarum
1526 2873 1601 2955 agit.

281 2967 340 3032 llic
360 2965 439 3032 nihil
460 2964 546 3031 aliud
567 2964 704 3030 defendit
725 2964 783 3030 nisi
807 2966 901 3032 licere
923 2965 1078 3030 nominari
1101 2985 1189 3041 eum,
1222 2970 1311 3031 cuius
1340 2967 1467 3031 nomine
1488 2966 1603 3048 scripta

282 3060 395 3128 dentur
417 3060 546 3144 agenda.
590 3059 787 3146 Assumptiva
810 3080 881 3146 pars
903 3069 965 3133 est,
1002 3079 1073 3125 cum
1100 3080 1213 3145 perse
1236 3058 1377 3125 defensio
1400 3057 1523 3124 infirma
1545 3068 1601 3136 est,

281 3153 338 3220 sed
364 3166 519 3241 assumpta
548 3158 684 3220 extraria
717 3176 753 3222 re
775 3154 1010 3238 comprobatur.
1055 3153 1275 3236 assumptivae
1296 3164 1401 3237 partes
1423 3161 1496 3219 sunt
1516 3161 1604 3240 quat·

166 3253 171 3265 '
282 3261 371 3317 tuor:
394 3251 570 3342 concessio,
593 3250 726 3317 remotio
742 3250 895 3323 criminis.
921 3249 1081 3314 translatio
1096 3249 1250 3323 criminis,
1273 3248 1476 3334 comparatio.
1521 3252 1603 3314 Con·

141 3357 150 3376 ²
245 3344 382 3411 ticessio
403 3352 465 3418 est,
495 3366 566 3411 cum
588 3367 662 3413 reus
683 3345 819 3432 postulat
840 3343 900 3410 sibi
921 3343 1049 3427 ignosci.
1093 3347 1137 3407 Ea
1159 3342 1309 3409 dividitur
1330 3344 1363 3409 in
1385 3342 1603 3430 purgationem

282 3449 313 3505 et
341 3439 606 3525 deprecationem.
652 3438 799 3525 Purgatio
831 3446 893 3512 est,
930 3457 1000 3502 cum
1028 3437 1170 3504 consulto
1198 3447 1291 3522 negat
1318 3459 1352 3504 se
1380 3459 1454 3504 reus
1481 3437 1601 3504 fecisse.

280 3536 326 3600 Ea
353 3533 502 3600 dividitur
527 3536 560 3600 in
588 3534 760 3610 fortunam,
797 3531 1056 3616 imprudentiam,
1089 3531 1320 3599 necessitatem:
1357 3531 1530 3606 fortunam,
1568 3540 1604 3598 ut

282 3628 398 3713 Caepio
420 3628 460 3695 ad
481 3629 623 3696 tribunos
645 3627 746 3713 plebis
767 3627 806 3693 de
828 3627 985 3693 exercitus
1005 3627 1468 3712 amissionesimprudentiam,
1491 3637 1526 3693 ut
1539 3626 1603 3702 ille,

350 3905 377 3953 2.
397 3906 458 3954 escit
477 3904 598 3953 Ernestio
616 3909 723 3955 auctore
743 3902 825 3954 Soht
847 3903 952 3954 acutat
971 3901 1141 3953 causatu.
1164 3929 1192 3941 -
1215 3902 1240 3955 ³.
1260 3904 1406 3970 adparatum
1424 3903 1462 3953 P:
1490 3909 1600 3969 aquato·

279 3989 341 4024 rum
352 3974 503 4024 ABFRTE.
518 3997 547 4009 -
566 3973 593 4023 1.
615 3981 644 4022 ut
659 3986 717 4024 cum
734 3975 790 4025 aliis
807 3987 858 4025 om.
873 3971 905 4022 T.
944 3973 995 4024 Sed
1010 3981 1065 4026 tum
1079 3973 1217 4039 tegendum
1231 3975 1370 4026 docebitur.
1390 3973 1522 4037 (deiicitor
1540 3987 1599 4025 eum

282 4046 346 4096 Cod.
366 4045 477 4096 Paterni
497 4040 540 4106 l..)
558 4069 591 4079 ·-
610 4045 658 4094 Vr.
678 4045 713 4093 Et
731 4045 792 4095 lec:
813 4045 864 4108 Qui
880 4051 1014 4108 parentem
1088 4071 1098 4082 -
1117 4047 1146 4094 iu
1161 4045 1334 4111 profluentem
1352 4051 1478 4105 expunxit
1491 4045 1552 4096 Scir.
1567 4070 1598 4080 -

281 4118 307 4168 o.
328 4118 433 4180 locauit
451 4117 481 4166 l..
497 4120 585 4174 recto.
604 4123 634 4164 ut
650 4116 781 4166 edidimus
795 4117 827 4165 de
846 4116 902 4166 inv.
921 4116 953 4172 2.
973 4117 1024 4167 50:
1045 4117 1172 4182 lcpcusrit
1190 4118 1216 4166 b.
1229 4117 1246 4166 i.
1259 4117 1343 4166 Codd.
1357 4119 1435 4167 etiam
1449 4121 1546 4176 nostri.
1567 4117 1598 4166 it.

280 4211 313 4225 -
341 4189 368 4238 'i.
389 4189 512 4238 totostoto
532 4186 569 4236 P:
588 4187 729 4238 intestatus
746 4186 894 4236 nbiitfss.
932 4185 983 4238 Sed
1009 4186 1055 4239 air.
1079 4187 1111 4238 de
1130 4189 1186 4237 inv.
1209 4187 1239 4246 2,
1259 4189 1303 4237 50.
1329 4185 1362 4234 de
1383 4186 1428 4236 Or.
1449 4189 1475 4246 1,
1500 4189 1545 4237 to.
1569 4211 1598 4224 -

281 4265 415 4321 acuatum
440 4257 477 4322 (h.
501 4253 531 4322 i.)
551 4255 603 4307 Pu.
633 4255 720 4322 (Grut.
741 4255 847 4318 Graes.)
894 4257 935 4306 ad
962 4265 1046 4308 totum
1067 4259 1153 4308 iocum
1173 4257 1219 4307 cir.
1239 4257 1352 4306 Dirisen
1378 4257 1440 4307 xit.
1462 4258 1554 4319 chalu
1571 4271 1598 4318 p.

280 4330 334 4380 :itt
352 4339 379 4383 et
396 4328 456 4380 373.
477 4352 508 4367 -
527 4329 569 4377 10.
589 4331 619 4378 iu
634 4329 746 4392 pedibus
763 4328 859 4378 PBFT.
876 4353 907 4364 ·-
926 4329 1035 4379 indutas
1055 4329 1119 4379 Cod·
1139 4328 1229 4389 Line:
1250 4327 1375 4377 iuductur
1393 4328 1538 4388 thlifll,
1558 4329 1599 4378 iu·

281 4401 354 4451 ditae
372 4403 406 4462 B,
427 4401 498 4465 quod
518 4401 640 4461 piacebst
661 4401 791 4451 Ernestio.
830 4399 883 4449 Cir.
906 4399 938 4449 de
958 4400 1015 4450 inv.
1035 4401 1062 4458 2,
1081 4401 1125 4450 50.
1147 4423 1178 4434 -
1207 4399 1250 4448 tu.
1264 4406 1334 4448 recte
1354 4397 1373 4445 Β
1393 4407 1420 4452 et
1439 4412 1479 4460 pr.
1500 4401 1520 4449 i>
1540 4411 1598 4448 cum

280 4472 354 4532 sitis,
388 4481 417 4524 ut
436 4483 515 4534 saepe
535 4477 575 4520 est
593 4472 663 4534 apud
683 4471 758 4522 lCtor
786 4471 851 4530 (ser
871 4475 934 4522 iuris
954 4471 1035 4521 civilis
1060 4475 1161 4521 ratione
1188 4481 1219 4521 ac
1244 4466 1390 4532 rogatiani:
1422 4473 1472 4521 rite
1490 4468 1598 4530 attii,

283 4555 351 4592 corr.
366 4543 403 4600 P,
423 4544 456 4594 E.
476 4569 510 4577 -
532 4544 627 4605 paullo
637 4550 700 4606 port
712 4556 765 4592 om.
779 4541 844 4592 Par
857 4549 883 4593 et
896 4555 935 4603 pr.
956 4541 995 4601 Τ,
1012 4542 1107 4604 paullo
1126 4541 1261 4590 dumtaxat
1278 4553 1330 4590 om.
1350 4539 1389 4599 it.
1411 4541 1437 4591 ld
1457 4541 1527 4605 quod
1547 4554 1598 4590 nou

281 4614 422 4675 duplicet:
442 4617 547 4665 interim
567 4617 724 4666 seclusimus
742 4623 767 4664 v.
784 4612 886 4674 paullo·
913 4637 944 4648 -
977 4611 1019 4662 18.
1040 4612 1132 4672 urent]
1150 4614 1203 4662 sint
1221 4610 1252 4659 T.
1274 4609 1327 4658 Cir.
1347 4625 1425 4673 supra
1446 4608 1474 4674 §-
1494 4611 1519 4661 3.
1539 4625 1600 4675 puo-

279 4685 355 4734 uium
366 4709 377 4720 ·
390 4685 596 4736 demonstratum
615 4693 669 4746 est,
690 4707 730 4724 -·
748 4697 813 4748 quar
831 4696 873 4733 ret
891 4683 984 4734 babere
1002 4685 1168 4739 conueniret,
1197 4681 1242 4731 ubt
1263 4681 1388 4733 Graevius
1407 4685 1517 4733 aliorum
1536 4695 1601 4731 cou-

279 4758 371 4806 oeutot
389 4757 521 4818 praetulit.
544 4780 572 4790 -
596 4757 639 4807 25.
659 4770 737 4806 sceno
756 4769 814 4804 cum
833 4750 873 4817 so]
894 4753 1036 4804 caenaculo
1055 4752 1164 4810 ΛΕΒΤ,
1183 4753 1307 4802 cenaculo
1325 4768 1381 4803 mro
1400 4753 1450 4802 Pit.
1488 4752 1521 4802 Ut
1540 4765 1598 4813 nos,

280 4825 375 4878 Dutsb.
396 4851 428 4862 -
446 4827 490 4876 to.
510 4823 640 4889 extraria]
660 4841 692 4878 ec
710 4826 848 4877 contrario
866 4824 895 4874 P.
934 4825 1038 4881 Ceteri,
1059 4833 1088 4873 ut
1107 4837 1170 4881 nos,
1191 4837 1242 4873 nou
1263 4837 1322 4872 cum
1341 4826 1398 4876 aitis
1417 4829 1551 4874 extranca.
1568 4849 1597 4861 -

280 4896 323 4948 31.
341 4905 419 4963 uacat
438 4911 464 4948 ra
482 4895 588 4946 Patr:
613 4911 640 4949 ss
656 4902 735 4961 nepot
754 4896 832 4946 ltus.
858 4920 883 4932 -
916 4893 959 4944 33.
978 4895 1183 4955 imprudentiam
1200 4893 1336 4955 fortunam
1354 4894 1474 4944 Pausa.
1495 4917 1526 4929 -
1555 4908 1600 4945 uc·

281 4971 464 5020 caecitudinem
487 4975 576 5018 contra
606 4967 688 5017 Codri.
716 4976 817 5017 nostros
844 4964 987 5025 staphi..
1009 4965 1070 5014 Scir.
1092 4974 1271 5028 prepterseq.
1296 4965 1523 5024 uecessitudinem,
1553 4965 1599 5014 ubi

282 5045 369 5090 tamen
393 5049 445 5092 tres
464 5037 646 5099 Oudendorpii
673 5041 860 5086 necessitatem.
889 5059 922 5070 -
941 5033 984 5084 33.
1003 5036 1138 5086 tribucum
1152 5035 1190 5096 pl.
1211 5037 1243 5085 ds
1260 5039 1300 5099 a,
1325 5036 1467 5088 trebatium
1482 5035 1600 5100 publium

282 5109 314 5161 dt
331 5111 363 5162 Τ.
386 5137 415 5150 -
436 5110 564 5162 exercitur
582 5109 720 5160 amissione
738 5105 891 5158 PABFRT:
915 5105 1055 5156 amissum
1073 5107 1203 5156 exercitur
1221 5107 1253 5158 li.
