3742 5852
319 405 384 472 346
907 409 1059 476 BRUTUS

317 585 389 634 mea
409 565 504 644 lert,
502 587 616 634 snens
636 566 689 635 ille
710 573 743 634 et
763 568 891 655 ιιιιςιιι
909 567 1111 658 incomptus
1131 591 1232 657 nsque
1254 575 1294 638 ad
1316 575 1396 640 hane
1417 578 1552 640 aetatem
1573 593 1646 642 ora-

318 669 422 730 torum
441 661 553 740 luit}
543 686 577 728 ιιι
592 675 655 776 qud
673 663 823 731 naturalis
845 666 978 741 inesset,
1011 685 1075 731 non
1104 665 1226 731 locatus
1252 668 1347 731 nitor.
1391 670 1444 732 ³⁷.
1476 666 1646 734 Phalereus

318 755 402 823 enim
424 758 574 823 successit
594 760 639 824 eis
662 760 791 824 senibus
819 758 1021 837 adolescens,
1058 761 1287 827 eruditissimus
1307 760 1360 826 ille
1382 758 1510 846 quidem
1531 765 1646 827 horum

319 851 476 930 omnium,
500 852 556 919 sed
575 875 638 919 non
661 861 725 920 tam
747 852 843 919 armis
857 853 1015 920 institutus
1030 875 1124 942 quana
1138 857 1304 942 palaestro.
1349 859 1459 944 ltaque
1473 854 1647 923 delectabat

296 947 418 1032 omagis
442 948 662 1024 Athenienses,
697 969 791 1032 quam
819 945 1051 1029 inflammabat3
1086 959 1285 1038 processerat
1311 953 1395 1018 enim
1422 952 1455 1015 in
1485 950 1584 1017 solem
1613 958 1646 1016 ct

317 1043 481 1127 pulverem
502 1062 567 1107 non
588 1051 624 1107 ut
645 1065 662 1107 e
684 1043 813 1108 militari
841 1046 1062 1121 tabernaculo,
1097 1045 1153 1111 sed
1174 1054 1208 1112 ut
1230 1069 1247 1112 e
1269 1046 1495 1155 Theophrasti,
1531 1046 1646 1112 doctis·

318 1136 389 1201 simi
417 1135 569 1214 hominis,
604 1135 804 1204 umbraculis.
847 1141 898 1204 38.
928 1139 989 1204 Ηιι
1011 1140 1137 1250 primus
1163 1139 1283 1206 inllexit
1312 1139 1486 1208 orationem
1515 1150 1547 1206 et
1575 1161 1645 1208 eam

318 1231 446 1296 mollem
475 1238 676 1317 teneramque
705 1229 840 1298 reddidit
872 1240 905 1298 et
931 1233 1053 1312 suavis,
1087 1233 1167 1301 sicut
1188 1232 1265 1312 luit,
1297 1234 1398 1301 videri
1419 1234 1530 1301 maluit
1550 1257 1642 1324 ᾳιιιιιι

319 1324 440 1408 gravis:
462 1327 517 1390 sed
538 1328 690 1391 suavitate
712 1347 767 1402 ea,
791 1344 852 1412 qua
873 1324 1080 1409 perfunderet
1097 1329 1236 1405 animos,
1260 1349 1324 1394 nen
1337 1349 1400 1416 qua
1413 1327 1642 1414 perfringeret3

279 1427 437 1484 retentum
457 1427 493 1485 ut
512 1419 698 1485 memoriam
720 1417 937 1486 concinnitatis
959 1442 1048 1497 suae,
1070 1443 1152 1500 non,
1177 1421 1441 1509 quemadmodum
1463 1427 1502 1488 de
1524 1424 1644 1490 Pericle

317 1516 444 1597 scripsit
470 1513 617 1600 Eupolis,
655 1535 726 1579 eum
756 1514 963 1582 delectatione
988 1517 1115 1583 aculeos
1142 1518 1237 1583 etiam
1263 1516 1456 1603 relinqueret
1477 1518 1511 1584 ιιι
1532 1517 1643 1584 animis

317 1627 447 1686 eorum,
479 1609 633 1696 aquibus
655 1617 739 1675 esset
759 1613 895 1677 auditus.

399 1707 440 1770 X.
463 1706 515 1768 39.
546 1706 683 1771 Videsne
704 1704 817 1789 igitur,
848 1706 881 1771 in
903 1725 942 1770 ea
961 1705 1028 1792 ipsa
1050 1710 1147 1783 urhe,
1180 1707 1214 1770 in
1237 1727 1300 1791 qua
1321 1713 1353 1772 ct
1373 1711 1445 1772 nala
1466 1715 1499 1774 et
1518 1704 1581 1771 alta
1602 1705 1643 1772 sit

316 1798 511 1884 eloquentie,
548 1819 642 1885 quam
670 1819 706 1864 ea
735 1820 807 1866 sero
835 1802 991 1883 prodierit
1016 1801 1049 1868 in
1077 1801 1202 1866 locemt
1238 1799 1395 1886 siquidem
1422 1809 1494 1866 ante
1518 1800 1642 1868 Solonis

278 1901 450 1960 stastatem
472 1901 504 1958 ιι
524 1892 677 1958 Pisistrati
697 1897 737 1960 de
760 1894 845 1961 nollo
867 1903 902 1960 ut
922 1896 1039 1962 diserto
1060 1895 1232 1962 memoriae
1259 1897 1419 1980 proditum
1447 1904 1504 1961 est.
1547 1897 1588 1959 At
1598 1889 1642 1982 (ιιι

140 1997 187 2100 s:
316 1989 461 2073 quidem,
495 1995 531 2053 nt
556 1990 665 2075 populi
694 1991 828 2056 Romani
857 1997 942 2056 aetas
969 1998 1033 2067 est,
1071 1994 1191 2096 senes,
1219 1997 1254 2055 ut
1274 1988 1512 2056 Atheniensium
1535 1989 1641 2055 secula

315 2089 537 2157 numerantur,
561 2081 905 2166 adolescentesldebent
917 2037 1041 2159 riderib
1075 2088 1153 2150 Nam
1169 2044 1228 2150 etsi
1244 2084 1356 2150 Servio
1372 2083 1474 2151 Tullio
1490 2092 1641 2168 regnante

314 2174 504 2262 riguerunt,
528 2185 631 2242 umen
652 2181 752 2244 multo
776 2181 893 2245 diutius
914 2179 1089 2244 Athenae
1079 2199 1141 2244 ram
1164 2185 1266 2254 erant,
1297 2198 1390 2288 quom
1413 2186 1461 2243 est
1481 2183 1581 2246 Roma
1603 2182 1643 2246 ad

315 2269 502 2337 hodiernum
524 2271 626 2338 diem.
652 2292 711 2338 nec
731 2280 835 2340 tamen
858 2274 987 2351 dubito,
1012 2276 1088 2360 quin
1109 2274 1256 2339 hahuerit
1276 2274 1340 2338 rim
1356 2293 1502 2357 magnam
1517 2293 1642 2361 semper

277 2367 429 2432 noratis.
473 2369 526 2435 to.
550 2370 659 2453 Neque
681 2369 766 2434 enim
784 2369 845 2435 ιιιιι
862 2371 983 2436 Troicis
997 2369 1194 2455 temporibus
1207 2373 1328 2433 tantum
1343 2365 1444 2432 laudis
1459 2369 1492 2432 in
1507 2367 1641 2434 dicendo

315 2459 397 2526 Ulixi
418 2457 578 2528 tribuisset
598 2466 755 2530 lionrerus
778 2474 810 2531 et
831 2467 975 2540 Nestori,
999 2483 1133 2550 quorum
1153 2462 1284 2528 alterum
1306 2462 1371 2526 rim
1393 2460 1511 2528 habere
1533 2462 1642 2538 roluit,

314 2553 448 2621 alterum
470 2561 673 2636 manitatem,
711 2561 772 2625 nisi
794 2559 856 2626 iam
877 2567 944 2626 tum
966 2566 1049 2624 essct
1069 2561 1172 2622 honos
1193 2555 1410 2642 eloquentiae;
1448 2577 1551 2644 neque
1572 2557 1643 2641 ipso

314 2657 408 2737 potita
435 2651 487 2714 hio
515 2658 578 2716 tam
606 2650 692 2718 idem
719 2661 847 2719 ornatus
868 2654 902 2719 in
924 2654 1056 2720 dicendo
1079 2673 1116 2726 ac
1138 2652 1232 2735 plane
1253 2659 1363 2716 orator
1383 2649 1504 2718 luisset.
1548 2653 1642 2718 Cuius

315 2745 374 2810 etsi
400 2747 521 2810 ineerta
547 2755 620 2811 sunt
647 2756 806 2835 tempora,
838 2759 944 2815 ιιιιιιιι
973 2750 1062 2814 annis
1083 2750 1188 2815 multis
1211 2747 1271 2813 fuit
1293 2755 1365 2813 ante
1387 2749 1575 2816 Romulum.
1614 2749 1642 2814 ιι

278 2839 443 2926 sequidem
464 2861 528 2904 non
549 2840 632 2907 inira
653 2844 851 2931 superiorem
874 2848 1053 2945 Lycurgum
1075 2845 1151 2920 luit,
1175 2863 1271 2952 aquo
1295 2852 1343 2908 est
1363 2842 1527 2927 disciplina
1548 2847 1644 2908 Lace-

315 2933 551 3001 daemoniorum
574 2935 721 3003 adstricta
742 2938 877 3023 legibus.
922 2942 974 3004 tl.
978 2937 1061 3016 [Sed
1083 2940 1219 3004 studium
1242 2937 1309 3004 eius
1332 2941 1459 3023 generis
1478 2939 1642 3024 maiorque

314 3029 362 3095 vis
383 3029 593 3116 agnoscitur
584 3053 616 3096 ιιι
637 3023 810 3116 Pisistrato}
854 3035 997 3119 Denique
1018 3037 1102 3097 hunc
1122 3032 1268 3119 proximo
1291 3031 1398 3098 seculo
1419 3032 1643 3098 Themistocles

313 3122 471 3188 insecutus
492 3131 555 3198 est,
584 3135 621 3191 nt
642 3131 724 3213 apud
746 3148 820 3203 nos,
850 3127 1079 3214 perantiquus,
1103 3137 1139 3193 ut
1160 3127 1244 3215 apud
1263 3129 1490 3206 Athenienses,
1514 3151 1578 3194 non
1601 3131 1643 3195 ita

314 3237 389 3284 sane
411 3226 511 3283 vetus.
553 3221 624 3287 Fuit
647 3222 731 3286 eninr
753 3230 906 3306 regnante
927 3221 989 3287 inm
1006 3222 1150 3295 Graecia,
1175 3233 1281 3290 nostra
1303 3231 1410 3289 autem
1432 3222 1557 3288 civitate
1579 3243 1644 3289 non

277 3315 356 3380 ato
378 3311 500 3399 pridem
522 3316 683 3381 dominatu
704 3317 793 3401 regio
816 3315 958 3383 liberata.
1004 3321 1083 3382 Nam
1113 3317 1231 3382 bellum
1262 3317 1448 3385 Volscorum
1470 3317 1550 3383 illud
1572 3339 1644 3404 gra·

313 3408 494 3482 vissimum,
530 3411 579 3475 oui
608 3412 792 3476 Coriolanus
825 3411 914 3478 exsul
942 3413 1101 3487 interfuit,
1141 3415 1253 3477 eodem
1282 3410 1350 3477 fere
1381 3421 1540 3498 tempore,
1578 3432 1642 3499 qno

313 3505 480 3569 Persarum
502 3503 641 3582 bellum,
675 3505 752 3586 luit3
790 3507 962 3593 similisque
984 3505 1108 3572 fortuna
1131 3505 1288 3572 clarorum
1309 3506 1462 3573 virorum.
1504 3509 1557 3573 42.
1594 3507 1644 3572 Si-

314 3599 440 3685 quidem
461 3604 594 3687 uterque
616 3621 687 3665 cum
710 3601 787 3667 civis
809 3600 955 3689 egregius
977 3599 1103 3678 luisset,
1125 3601 1236 3687 populi
1257 3600 1371 3686 ingrati
1391 3600 1499 3687 pulsus
1517 3601 1640 3680 iniuria,

314 3713 349 3762 se
369 3699 410 3762 ad
431 3697 536 3762 hostes
559 3695 691 3760 contulit
722 3705 931 3781 conatumque
959 3697 1139 3761 iracundiae
1161 3717 1237 3762 snae
1260 3703 1360 3761 morte
1387 3697 1518 3762 sedavit.
1563 3699 1642 3762 llam

276 3791 374 3857 “etsi
394 3791 486 3857 aliter
507 3788 588 3878 apud
612 3798 642 3856 to
664 3798 726 3867 est,
755 3792 873 3868 Attice,
907 3794 947 3856 de
970 3791 1159 3866 Coriolano,
1192 3793 1334 3856 concede
1356 3799 1478 3868 ιιιιιιιι,
1515 3798 1550 3855 nt
1571 3793 1644 3856 huic

313 3885 420 3972 generi
435 3885 546 3952 mortis
560 3885 666 3970 potius
680 3885 842 3952 assentiar.
886 3888 944 3951 xl.
968 3890 1008 3951 At
1021 3885 1074 3952 ille
1088 3883 1214 3962 ridens,
1232 3890 1300 3952 Tuo
1315 3903 1406 3959 vero,
1421 3886 1540 3970 inquit,
1559 3881 1644 3950 arbi·

312 3989 414 4056 tratn,
452 3979 600 4066 quoniam
627 3981 754 4065 quidem
785 4001 968 4045 conoessum
991 3987 1039 4045 est
1060 3978 1241 4045 rhetoribus
1262 3977 1438 4045 ementiri
1429 4002 1461 4043 ιιι
1483 3977 1639 4054 historiis,

311 4083 347 4140 nt
368 4073 486 4159 aliquid
508 4073 613 4140 dicere
635 4074 757 4160 possint
777 4078 929 4158 argutius.
952 4057 969 4140 l
975 4076 1013 4140 Ut
1034 4073 1117 4138 enim
1140 4081 1175 4140 tn
1196 4096 1279 4140 nuno
1309 4079 1348 4140 de
1377 4071 1562 4151 Coriolano,
1595 4075 1640 4139 sio

100 4238 117 4267 t
130 4161 208 4262 f„
312 4170 505 4242 Clitarchus,
532 4171 578 4234 sic
600 4170 769 4234 Stratocles
792 4168 831 4234 de
853 4168 1065 4234 Themistocle
1087 4155 1196 4240 finxit)
1234 4173 1288 4235 43.
1312 4173 1408 4244 Nam,
1442 4188 1536 4255 quem
1559 4165 1642 4233 Thu·

274 4260 534 4352 equitesque
556 4272 588 4328 ιι
608 4263 808 4330 Atheniensis
831 4271 900 4329 erat
920 4271 953 4329 et
973 4282 1098 4328 summo
1120 4266 1191 4330 loco
1213 4272 1303 4331 natus
1326 4282 1530 4349 summusque
1546 4261 1595 4328 vir
1610 4269 1642 4328 ιι

310 4357 416 4446 paullo
437 4366 540 4424 aetate
561 4361 734 4446 posterior,
756 4366 875 4426 tantum
897 4367 1057 4425 mortuum
1078 4359 1200 4444 scripsit
1215 4366 1247 4422 et
1260 4357 1293 4423 in
1307 4361 1408 4423 Attica
1430 4356 1510 4423 olam
1532 4356 1642 4423 bunno-

312 4463 397 4530 tum,
433 4451 553 4518 addidit
574 4451 672 4519 luisse
695 4452 906 4540 suspicionem
928 4471 1051 4518 veneno
1073 4449 1133 4518 sibi
1156 4450 1345 4518 conscivisse
1374 4459 1527 4518 mortem.
1559 4451 1642 4517 bunc

382 4733 409 4782 a.
436 4735 535 4798 loquo
559 4732 664 4786 solebat
689 4734 795 4784 lictatur
824 4733 898 4796 proh.
923 4732 1029 4784 Petere.
1059 4757 1087 4770 -
1119 4732 1145 4783 a.
1168 4730 1358 4794 passoque
1381 4729 1423 4788 h.
1451 4729 1503 4782 tiu.
1522 4734 1548 4783 1.
1577 4732 1638 4784 seh.

315 4807 457 4866 blesen·
480 4805 524 4856 ιι.
538 4810 563 4855 et
576 4808 681 4855 tontum
693 4804 796 4856 ·.Codd
807 4811 835 4856 ιι
847 4803 915 4855 ltdd
930 4813 1021 4855 amnes
1034 4798 1196 4865 (ettam
1135 4801 1196 4860 ln»
1210 4801 1316 4852 Perna.
1332 4800 1518 4853 Stletlttlendt.
1538 4803 1639 4864 Utres,

314 4877 451 4929 Manutius
471 4883 498 4927 et
518 4874 659 4927 Gulietmto
678 4875 891 4927 auetorell.—
910 4873 954 4926 13.
972 4876 1098 4925 estnec
1116 4872 1200 4926 Codd.
1222 4885 1315 4923 omnes
1333 4872 1412 4922 etlt
1432 4872 1641 4926 CorrerttAno-

313 4957 408 5012 aymus
427 4946 497 5008 apud
517 4946 666 4997 corradum
685 4945 759 4998 etlt.
780 4942 832 5008 (ost
848 4948 878 4997 tn
895 4959 928 4997 eo
946 4939 1169 5008 Heusinger.)-
1190 4943 1234 4994 to.
1253 4941 1472 4994 sscwecodd.
1482 4943 1566 4993 Τ.-
1594 4944 1639 4995 sl.

316 5017 391 5068 tlttct
408 5016 484 5067 ΙΙιιιιι
509 5017 699 5080 ιιιιιιιιιμ-
729 5015 775 5066 th.
795 5016 1006 5067 clortrrtmoroos
1023 5015 1094 5065 crat.
1108 5011 1203 5064 hamb.
1224 5021 1314 5064 eontra
1335 5012 1419 5064 Codd.
1440 5021 1573 5065 nolon·-
1594 5016 1638 5068 35.

317 5089 390 5155 opud
408 5094 488 5141 esest
507 5087 595 5141 codd.
616 5093 717 5140 tantum
735 5099 789 5140 uon
807 5085 1006 5163 omnesetlt·
1025 5085 1152 5152 estopud
1171 5085 1281 5138 loven.
1299 5084 1406 5140 Ηιι.
1427 5083 1518 5139 ΟιιιΙι.
1538 5083 1570 5136 Ε.
1689 5155 1692 5160 ¹
