3720 5840
680 417 756 481 Lm.
779 417 831 482 tv.
874 416 908 482 C.
930 417 981 482 37.
1004 418 1056 482 38.
1080 417 1132 480 39.
1521 416 1562 482 75

238 583 351 646 bonam
375 595 526 662 generum
549 575 693 663 exempla
724 578 940 642 subiiciemus.
998 574 1134 650 Prioris,
1171 573 1376 641 huiusmodi:
1410 575 1561 652 Nimium,

240 673 395 752 Quirites,
436 670 547 736 animis
580 673 653 736 estis
684 672 878 758 simplicibus
908 682 938 739 et
966 670 1152 749 mansuetis;
1189 669 1320 736 nimium
1350 670 1478 736 creditis
1507 673 1563 736 uni

238 768 363 854 cuique.
407 769 601 832 Existimatis
623 788 719 831 unum
743 788 899 855 quemque
922 769 1016 843 eniti,
1040 775 1075 829 ut
1096 763 1250 851 perficiat,
1278 785 1359 850 quae
1381 766 1473 830 vobis
1496 769 1562 850 pol·

238 863 340 929 licitus
373 864 423 926 sit.
469 861 587 927 Erratis
619 869 650 926 et
679 861 753 926 falsa
783 860 897 927 irustra
927 883 982 948 spe
1012 864 1074 925 iam
1104 862 1157 924 diu
1190 857 1384 926 detinemini.
1428 860 1563 926 Stultitia

238 967 342 1024 vestra
371 960 424 1032 id,
461 957 546 1043 quod
577 964 644 1021 crat
676 958 708 1021 in
736 967 839 1023 vestra
868 964 1041 1043 potestate,
1078 958 1116 1019 ab
1146 954 1213 1019 aliis
1242 963 1351 1041 petere
1380 975 1472 1040 quarn
1505 953 1586 1042 ipsis

238 1072 363 1118 sumere
385 1051 547 1117 maluistis.
592 1053 780 1118 Posterioris
809 1051 951 1118 licentiae
982 1053 1044 1116 boe
1066 1051 1125 1114 erit
1147 1052 1348 1134 exemplum:
1384 1050 1462 1116 Mihi
1491 1071 1563 1116 eum

237 1147 314 1220 isto,
343 1147 480 1221 iudices,
512 1143 571 1210 luit
591 1147 744 1222 amicitia,
775 1150 831 1212 sed
853 1150 912 1212 ista
932 1149 1084 1217 amicitia,
1119 1147 1242 1209 tametsi
1265 1165 1379 1210 vereor
1401 1148 1562 1230 quomodo

239 1244 398 1328 accepturi
421 1241 506 1317 sitis,
542 1249 646 1306 umen
670 1244 786 1316 dicam,
822 1263 879 1308 vos
900 1264 951 1308 me
972 1241 1127 1329 privastis.
1187 1237 1269 1317 Quid
1300 1238 1362 1303 ita?
1399 1237 1494 1323 quia,
1529 1247 1565 1306 ut

237 1337 327 1400 vobis
343 1355 444 1400 essem
460 1333 626 1422 probatus,
650 1357 737 1410 eum.
761 1336 814 1424 qui
829 1358 886 1402 vos
901 1339 1116 1423 oppugnabat,
1138 1334 1299 1399 inimicum
1319 1352 1411 1418 quam
1428 1333 1563 1400 amioum

238 1433 358 1497 babere
379 1430 485 1496 malui.
530 1433 581 1498 50.
606 1434 688 1515 Ergo
710 1433 788 1496 haec
806 1436 987 1505 exornatio,
1010 1432 1060 1494 cui
1083 1426 1224 1492 licentiae
1246 1447 1360 1491 nomen
1383 1434 1448 1502 est,
1471 1426 1563 1493 sicuti
1575 1452 1601 1492 ro

238 1525 536 1598 demonstravimus,
559 1525 677 1607 duplici
698 1525 819 1591 ratione
842 1525 1045 1590 tractabitur:
1070 1522 1256 1596 acrimonia,
1280 1521 1408 1609 quaesi
1432 1521 1563 1588 nimium

237 1619 333 1687 luerit
354 1639 482 1706 aspera,
505 1618 698 1704 mitigabitur
719 1622 811 1686 laude
835 1628 866 1684 et
887 1618 1136 1693 assimulatione,
1159 1621 1198 1683 de
1222 1638 1282 1704 qua
1304 1616 1460 1703 posterius
1483 1616 1563 1682 dixi·

238 1737 329 1790 mus,
364 1736 445 1802 quae
467 1735 531 1780 non
552 1715 673 1798 indiget
695 1715 914 1800 mitigationis,
950 1721 1118 1800 propterea
1139 1715 1225 1799 quod
1245 1712 1385 1778 imitatur
1405 1711 1564 1778 licentiam

238 1819 270 1876 et
291 1831 347 1876 sua
369 1817 479 1894 sponte
502 1813 541 1874 a'd
563 1811 701 1875 animum
723 1811 875 1876 auditoris
896 1831 930 1874 se
955 1806 1183 1872 accommodat.

321 1905 495 1970 XXXVlll.
519 1909 699 1971 Dominutio
723 1914 785 1982 est,
821 1926 892 1971 cum
922 1903 1040 1990 aliquid
1069 1903 1172 1968 inesse
1203 1905 1236 1966 in
1267 1901 1358 1968 nobis
1384 1908 1438 1969 aut
1459 1902 1493 1968 in
1514 1901 1599 1978 iias:

238 2021 317 2088 quos
339 1998 554 2076 defendimus,
579 2008 633 2065 aut
654 2009 762 2066 natura
784 2009 837 2066 aut
858 1999 982 2064 fortuna
998 1999 1218 2062 autindnstria
1233 1996 1371 2063 dicemus
1386 2000 1561 2083 egregium,

238 2094 337 2184 quod,
371 2115 411 2161 ue
434 2116 494 2181 qua
515 2094 708 2180 significetur
729 2115 879 2180 arrogans
900 2094 1086 2166 ostentatio,
1120 2093 1312 2157 deminuitur
1334 2102 1366 2158 et
1386 2101 1564 2158 attenuatur

239 2193 396 2263 oratione,
419 2191 480 2254 hoc
495 2192 608 2255 modo:
633 2194 710 2255 Nam
733 2193 794 2255 hoc
816 2210 874 2276 pro
898 2210 970 2256 meo
992 2189 1081 2262 iure,
1109 2188 1250 2262 indices,
1286 2186 1356 2252 dieo
1379 2210 1430 2254 me
1453 2191 1562 2254 laboro

238 2285 441 2352 et‘industria
464 2306 604 2360 curasse,
627 2293 662 2350 ut
684 2284 877 2370 disciplinam
901 2284 1067 2349 militarem
1089 2302 1154 2346 non
1176 2283 1207 2345 in
1223 2285 1390 2367 postremis
1407 2292 1560 2348 tenerem.

238 2380 297 2444 llic
319 2380 345 2444 si
367 2380 437 2465 quis
459 2378 604 2444 dixisset:
639 2382 678 2444 Ut
699 2382 816 2464 optime
844 2387 1003 2454 tenerem,
1034 2379 1157 2440 tametsi
1180 2396 1255 2440 vere
1280 2379 1427 2453 dixisset,
1459 2386 1600 2442 tamense

238 2494 390 2557 arrogans
410 2472 496 2538 visus
518 2482 609 2538 esset.
652 2477 742 2539 Nunc
764 2481 796 2537 et
816 2479 855 2540 ad
878 2474 1026 2538 invidiam
1049 2468 1206 2536 vitandam
1229 2478 1261 2535 et
1282 2474 1321 2535 ad
1341 2470 1463 2536 laudem
1478 2491 1564 2538 com-

237 2571 406 2656 parandam
428 2570 502 2633 satis
525 2571 641 2634 dictum
664 2576 721 2634 est.
766 2572 862 2634 Item:
897 2570 1004 2632 Utrum
1026 2565 1122 2650 igitur
1142 2567 1291 2630 avaritiae
1313 2586 1406 2631 causa
1428 2586 1467 2630 an
1489 2589 1563 2652 ege·

238 2665 324 2730 statis
345 2664 475 2727 accessit
495 2665 535 2727 ad
558 2660 767 2728 maleficium?
800 2663 983 2727 Avaritiae?
1014 2662 1055 2723 At
1077 2659 1269 2744 largissimus
1291 2657 1349 2724 luit
1369 2662 1403 2725 in
1425 2661 1560 2741 amicos;

238 2761 324 2846 quod
345 2759 466 2842 signum
489 2757 683 2822 liberalitatis
710 2766 777 2832 est,
810 2777 889 2843 quae
917 2755 1073 2819 contraria
1097 2761 1144 2818 cst
1165 2755 1323 2822 avaritiae.
1379 2757 1561 2841 Egestatisl

237 2858 277 2919 lt
298 2853 372 2918 huic
391 2854 518 2939 quidem
533 2861 621 2937 pater
643 2851 726 2936 (nolo
741 2853 872 2917 nimium
887 2848 1002 2934 dicere)
1023 2871 1088 2913 non
1103 2851 1320 2914 tenuissimum
1336 2849 1561 2935 patrimonium
1571 2868 1598 2910 as

238 2948 375 3034 reliquit.
419 2950 477 3012 Hic
499 2969 625 3035 quoque
647 2948 779 3014 vitatum
801 2956 867 3024 est,
891 2969 931 3012 ne
954 2965 1101 3031 magnum
1122 2954 1177 3009 aut
1197 2947 1369 3008 maximum
1392 2943 1559 3010 diceretur.

239 3046 308 3108 Hoc
330 3043 424 3128 igitur
446 3046 478 3107 in
500 3044 615 3108 nostris
637 3053 691 3108 aut
712 3064 840 3120 eorum,
875 3063 954 3130 quos
977 3040 1196 3108 defendemus.
1230 3039 1366 3124 egregiis
1388 3038 1561 3103 commodis

238 3135 433 3224 proferendis
455 3134 706 3202 observabimus.
759 3142 837 3203 Nam
871 3134 1025 3201 eiusmodi
1057 3156 1108 3200 res
1137 3144 1169 3200 et
1195 3135 1345 3199 invidiam
1376 3135 1563 3199 contrahunt

237 3231 270 3298 iu
291 3235 353 3298 vita
376 3232 537 3298 etodium
559 3235 592 3298 in
614 3233 774 3306 oratione,
798 3234 824 3296 si
846 3231 1076 3297 inconsiderate
1098 3236 1222 3294 tractes.
1269 3232 1389 3308 Quare,
1413 3235 1563 3318 quemad-

237 3325 367 3391 modum
390 3328 564 3392 rationein
586 3329 722 3393 vivendo
743 3325 862 3410 fugitur
883 3323 1021 3401 invidia,
1055 3327 1100 3394 sio
1120 3327 1152 3390 in
1175 3323 1309 3390 dicendo
1332 3326 1463 3392 consilio
1485 3328 1599 3392 vita-ao

238 3429 289 3488 tur
312 3423 431 3486 odium.
1309 3485 1314 3494 ,

322 3517 469 3581 XXXIX.
514 3518 566 3584 51.
606 3514 782 3599 Descriptio
811 3513 1009 3589 nominatur,
1051 3536 1132 3602 quae
1163 3536 1269 3580 rerum
1304 3516 1562 3602 consequentium

238 3612 376 3678 continet
391 3611 589 3696 perspicuam
613 3619 644 3672 et
665 3607 833 3674 dilucidam
849 3630 918 3674 curn
935 3614 1089 3695 gravitate
1104 3612 1348 3696 expositionem,
1371 3613 1432 3676 hoc
1448 3610 1559 3676 modo:

239 3706 359 3784 Quodsi
380 3706 497 3779 istum,
533 3703 674 3778 iudices,
712 3707 823 3770 vestris
852 3705 1014 3770 sententiis
1043 3704 1270 3781 liberaveritis,
1307 3708 1410 3770 statim
1442 3705 1562 3771 sieute

238 3822 333 3866 cavea
355 3801 407 3865 leo
430 3801 542 3864 missus
564 3807 616 3863 aut
638 3798 739 3882 aliqua
762 3800 941 3866 taeterrima
962 3798 1057 3866 belua
1078 3804 1181 3867 soluta
1203 3825 1244 3868 ex
1273 3801 1390 3867 catenis
1418 3799 1562 3866 volitabit
1572 3831 1599 3876 ει

239 3905 270 3961 et
290 3897 452 3979 vagabitur
473 3895 505 3960 in
528 3893 619 3968 loro,
658 3915 772 3958 acuens
794 3897 903 3960 dentes
928 3892 1064 3981 [multos]
1093 3899 1124 3962 in
1153 3900 1304 3982 cuiusque
1333 3895 1491 3972 fortunas,
1529 3897 1562 3962 in

201 4006 206 4019 ·
238 4011 348 4056 omnes
370 3991 488 4055 amicos
510 3999 604 4076 atque
628 3988 787 4063 inimicos,
820 3999 913 4054 notos
934 3999 1028 4076 atque
1049 3991 1175 4077 ignotos
1204 3992 1388 4067 incursans,
1427 3991 1561 4056 alionum

238 4082 351 4150 lamam
375 4083 580 4169 depeculans,
615 4084 749 4150 aliorum
782 4094 874 4170 eaput
907 4105 1105 4170 oppugnans,
1142 4086 1274 4152 aliorum
1307 4084 1437 4152 domum
1469 4095 1562 4172 atque

242 4199 367 4244 omnem
390 4181 541 4246 familiam
556 4179 769 4266 perfringens,
791 4201 859 4246 rem
875 4179 1032 4262 publicam
1055 4179 1408 4264 fundituslabelactans.
1445 4182 1561 4258 Quare,

240 4272 383 4352 iudices,
410 4275 513 4340 eiieite
536 4296 616 4346 eum
632 4278 671 4340 de
695 4275 831 4348 civitate,
862 4274 993 4341 liberate
1014 4296 1122 4341 omnes
1143 4275 1330 4353 formidinc3
1361 4276 1452 4339 vobis
1475 4273 1599 4346 deni-ao

239 4390 300 4456 que
334 4369 410 4457 ipsis
432 4373 595 4438 consulite.
653 4373 730 4435 Nam
761 4372 787 4434 si
814 4372 907 4435 istum
937 4372 1124 4456 impunitum
1151 4370 1345 4445 dimiseritis,
1378 4371 1411 4434 in
1440 4379 1563 4436 vosmet

238 4466 338 4552 ipsos,
361 4464 437 4528 mihi
460 4466 597 4540 credite,
622 4463 722 4530 leram
744 4472 776 4529 et
797 4465 1002 4530 truculentam
1026 4464 1172 4538 bestiam,
1196 4463 1330 4539 iudices,
1354 4466 1558 4532 immiseritis.

239 4561 334 4624 Item:
357 4561 434 4622 Nam
456 4559 483 4624 si
505 4564 544 4625 de
566 4564 640 4636 boc,
664 4561 799 4634 iudices,
822 4579 948 4642 gravem
972 4563 1157 4624 sententiam
1179 4558 1328 4632 tuleritis,
1357 4581 1421 4625 uno
1444 4561 1561 4626 iudicio

306 4749 332 4800 d.
352 4750 423 4815 [olea
441 4752 603 4816 apolicetur
621 4750 777 4802 PXBFRT:
807 4751 908 4815 frustra
933 4751 1003 4815 [alm
1021 4763 1066 4810 sps
1085 4749 1118 4800 11.
1147 4774 1178 4786 -
1208 4750 1234 4800 8.
1266 4757 1356 4800 tumen
1379 4751 1466 4800 dicem
1490 4751 1560 4812 llbrl,

239 4822 317 4872 ettam
336 4825 434 4872 nostrl:
455 4823 543 4871 dicem
561 4829 647 4873 tomen
668 4823 696 4872 11.
718 4847 748 4860 -
769 4821 812 4872 15.
831 4823 915 4870 inesse
932 4820 1084 4871 saurus:
1105 4833 1156 4872 ease
1176 4821 1206 4870 E.
1229 4845 1257 4858 -
1279 4821 1322 4871 ld.
1336 4817 1455 4884 [ortano]
1475 4821 1562 4882 [omia

239 4889 302 4942 lim·
323 4905 428 4953 operae.
450 4917 479 4930 -
500 4891 544 4942 21.
564 4892 612 4944 Vr.
631 4907 699 4958 quoe
716 4918 727 4929 -
746 4916 757 4927 ·
774 4893 906 4942 avarities
924 4889 974 4940 del.
997 4890 1058 4941 Sela.
1080 4917 1108 4929 -
1141 4893 1277 4942 contrariu
1296 4896 1333 4942 eat
1350 4891 1503 4944 PABFRT:
1524 4899 1562 4944 est

239 4963 465 5014 contraitum-
481 4961 525 5012 35.
538 4965 643 5013 anesus
655 4965 692 5022 n,
707 4964 736 5013 1..
754 4983 780 4996 -·
803 4961 846 5012 36.
861 4960 958 5010 lucau
967 4960 1041 5012 etr.
1056 4986 1086 4998 -
1104 4961 1200 5011 inultos
1213 4963 1265 5012 dot.
1280 4963 1310 5011 1..
1325 4961 1387 5014 sen.
1401 4977 1463 5014 sane
1477 4965 1561 5015 tneul·

240 5039 328 5084 entam
347 5041 454 5095 propter
474 5033 565 5086 lateam
578 5033 638 5086 leet.
658 5034 762 5086 aalma.
778 5055 809 5070 -
839 5031 883 5082 42.
902 5032 1014 5089 tediosa,
1042 5031 1203 5084 immiseritis
1221 5031 1376 5088 PABFRI':
1400 5035 1561 5088 immiseram

241 5105 303 5164 (om.
321 5103 429 5170 tadeo)
448 5103 480 5155 u.
