3720 5840
629 481 704 546 LIB.
728 481 769 545 ll.
816 481 852 546 C.
878 481 929 548 15.
954 481 1004 548 16.
1028 481 1079 548 17.
1105 481 1155 547 18.
1514 485 1556 550 28

233 641 464 706 necessitudine
494 642 687 727 praescripta
717 649 800 708 sunt.
844 641 969 708 Etenim
999 662 1110 710 omnes
1140 643 1201 708 hae
1223 647 1287 706 tres
1315 648 1420 728 partes
1441 661 1558 729 purga·

232 737 329 802 tionis
348 737 430 800 inter
454 756 488 799 se
510 733 660 800 finitimae
683 743 769 810 sunt,
792 742 827 800 ut
846 737 879 800 in
899 755 1009 802 omnes
1033 741 1143 802 eadem
1158 735 1225 802 lere
1239 739 1362 823 possint
1380 757 1557 804 accommo-

234 833 313 896 dari.
358 832 435 894 Loci
456 848 637 894 communes
659 833 692 896 in
713 832 763 894 his
785 832 902 896 causis:
927 834 1117 896 accusatoris
1132 839 1243 898 contra
1266 852 1353 908 eum,
1383 833 1453 917 qui,
1486 853 1557 898 cum

233 947 268 990 se
290 943 435 1010 peccasse
454 922 657 998 confiteatur,
692 934 797 990 tamen
822 926 966 990 oratione
985 927 1105 992 iudices
1129 929 1328 992 demoretur:
1362 923 1556 1002 defensoris,

233 1023 273 1086 de
288 1019 496 1091 humanitate,
520 1019 757 1097 misericordia;
780 1019 973 1089 voluntatem
993 1021 1027 1086 in
1042 1023 1189 1086 omnibns
1209 1023 1305 1086 rebus
1326 1022 1461 1106 spectari
1482 1040 1558 1088 con·
1580 1033 1593 1074 ¹

233 1116 357 1190 venire3
389 1133 470 1199 quae
491 1113 634 1179 consulto
655 1112 737 1180 lacta
757 1135 819 1183 non
841 1117 917 1189 sint,
939 1117 972 1180 in
994 1117 1033 1180 iis
1054 1113 1197 1184 fraudem
1220 1137 1289 1180 esse
1309 1135 1372 1180 non
1392 1123 1554 1202 oportere.

232 1211 332 1275 XVll.
356 1211 407 1278 25.
429 1211 656 1294 Deprecatione
682 1218 825 1285 utemur,
856 1231 926 1276 cum
952 1209 1123 1276 fatebimur
1148 1230 1206 1276 nos
1230 1229 1360 1296 pecasse
1390 1229 1494 1295 neque
1524 1211 1558 1274 id

233 1306 450 1390 imprudenter
473 1313 527 1368 aut
548 1303 680 1370 iortmtu
698 1313 752 1369 aut
772 1307 951 1372 necessario
967 1303 1080 1370 iecisse
1095 1307 1235 1370 dicemus
1257 1313 1289 1369 et
1309 1313 1413 1369 tamen
1437 1306 1558 1389 ignosci

233 1401 326 1464 nohis
342 1397 582 1508 postulabimus.
628 1402 687 1464 llic
707 1401 891 1484 ignoscendi
906 1402 988 1464 ratio
1001 1402 1164 1486 quaeritur
1178 1419 1222 1466 ex
1241 1401 1280 1464 iis
1304 1399 1397 1474 locis,
1420 1401 1446 1464 si
1467 1399 1558 1485 plura

233 1502 288 1560 aut
310 1495 430 1558 maiora
452 1489 555 1558 cilicia
576 1513 669 1580 quarn
692 1492 844 1559 maleficia
860 1496 1052 1560 videbuntur
1072 1502 1228 1560 constare·
1220 1489 1280 1586 ‚(si
1300 1515 1362 1605 qua
1382 1495 1481 1560 virtus
1504 1502 1596 1562 autre
1630 1480 1694 1578 ’ἶ

233 1590 381 1654 nobilitas
404 1590 519 1654 eritm
541 1583 606 1682 ιο.)
629 1589 683 1672 qui
708 1588 911 1697 supplicabit;
944 1591 1054 1674 siqua
1075 1609 1146 1674 spes
1167 1591 1228 1656 erit
1251 1591 1324 1656 usui
1345 1586 1499 1662 futurum,
1531 1519 1659 1660 εἶς’)

233 1688 301 1750 sine
316 1667 470 1769 supplicae
485 1682 676 1758 discesserit;
699 1684 726 1744 si
751 1683 819 1767 ipse
840 1680 892 1746 ille
915 1682 1048 1768 supplex
1069 1693 1251 1750 mansuetus
1269 1692 1302 1748 et
1322 1684 1502 1750 misericors
1525 1685 1558 1750 in

232 1778 439 1866 potestatibus
465 1779 649 1840 ostendetur
669 1773 784 1853 luisse3
822 1777 848 1842 si
875 1796 928 1850 ea,
962 1797 1043 1864 quae
1075 1779 1229 1863 peccarit,
1266 1798 1331 1844 non
1357 1779 1433 1844 odio
1454 1799 1558 1864 neque

234 1871 431 1942 crudelitate,
460 1871 516 1932 sed
538 1867 643 1935 officio
666 1877 698 1934 et
718 1879 807 1935 recto
829 1873 934 1936 studio
955 1881 1132 1938 commotus
1156 1870 1249 1950 iecit3
1283 1873 1310 1936 si
1333 1871 1386 1936 tali
1408 1875 1449 1938 de
1466 1892 1558 1938 causa

233 1967 302 2034 aliis
324 1983 451 2053 quoque
468 1964 610 2046 ignotum
632 1971 695 2043 est;
728 1967 753 2030 si
776 1965 855 2030 nihil
877 1969 917 2030 ab
940 1986 979 2032 eo
1002 1966 1135 2053 periculi
1156 1969 1249 2031 nohis
1274 1965 1417 2032 futurum
1437 1970 1596 2034 videbi-rs

234 2071 301 2136 tur,
335 2062 362 2125 si
387 2079 459 2124 eum
481 2061 609 2124 missum
631 2057 817 2138 fecerimus3
852 2062 879 2124 si
906 2060 991 2127 nrrlla
1020 2068 1075 2127 aut
1104 2082 1121 2125 a
1148 2063 1265 2128 nostris
1294 2059 1416 2128 civibus
1444 2070 1498 2126 aut
1518 2065 1558 2128 ab

233 2155 336 2243 aliqua
367 2155 492 2218 civitate
519 2154 708 2239 vituperatio
737 2177 778 2220 ex
803 2175 841 2219 ea
866 2177 902 2220 re
933 2157 1132 2242 suscipietur.
1177 2159 1230 2220 26.
1254 2157 1332 2222 Loci
1358 2174 1558 2228 communes:

234 2257 273 2319 de
297 2247 505 2321 humanitate,
534 2245 676 2323 fortuna,
705 2251 941 2323 misericordia,
968 2270 1075 2314 rerum
1096 2252 1352 2316 commutatione.
1398 2251 1455 2314 llis
1480 2249 1558 2316 locis

233 2349 379 2414 omnibus
400 2365 442 2410 en
465 2345 624 2408 contrario
647 2352 754 2409 utetur
773 2345 816 2416 is,
839 2345 893 2430 qui
916 2343 1144 2418 contradicet,
1168 2364 1238 2410 cum
1261 2341 1502 2430 amplificatione
1527 2353 1559 2410 ct

232 2441 468 2508 enumeratione
489 2445 702 2522 peccatorum.
747 2441 832 2504 llaec
857 2459 950 2502 causa
974 2438 1130 2502 iudicialis
1148 2435 1218 2501 lieri
1239 2457 1304 2502 nou
1325 2444 1445 2523 potest,
1467 2445 1504 2504 ut
1525 2441 1596 2505 inae

231 2540 335 2620 primo
358 2534 441 2599 libro
463 2535 677 2608 ostendimus;
701 2536 773 2606 sed,
797 2534 882 2618 quod
905 2539 1008 2617 potest
1021 2532 1072 2596 vel
1093 2534 1133 2597 ad
1152 2539 1295 2597 senatum
1318 2531 1369 2596 vel
1387 2534 1426 2596 ad
1454 2535 1559 2599 consi-

232 2632 308 2696 lium
323 2630 447 2702 venire,
471 2645 535 2690 nou
557 2626 623 2690 visa
638 2635 686 2690 est
703 2628 947 2712 supersedenda.
994 2628 1069 2692 Cum
1091 2646 1109 2693 a
1128 2627 1220 2690 nobis
1246 2627 1365 2692 crimen
1389 2646 1557 2694 removero

232 2727 390 2800 volemus,
413 2728 466 2787 aut
487 2723 519 2784 iu
534 2739 602 2784 rem
625 2729 678 2786 aut
692 2722 724 2784 in
745 2722 907 2786 homiuem
929 2722 1030 2786 nostri
1052 2722 1172 2806 peccati
1193 2741 1320 2807 causam
1343 2719 1556 2788 conteremus.

233 2824 266 2886 Si
292 2839 383 2884 cansa
401 2819 434 2880 in
458 2817 619 2880 hominem
642 2812 837 2891 conseretur,
868 2817 1084 2901 quaerendum
1111 2815 1173 2878 erit
1193 2816 1345 2900 primum,
1378 2818 1556 2900 potueritne

232 2923 369 2986 tantum,
403 2918 553 2998 quantum
572 2928 646 2974 reus
666 2912 905 2985 demonstrabit,
933 2911 975 2985 is,
1003 2910 1037 2974 in
1060 2929 1156 2995 quem
1178 2923 1272 2974 causa
1294 2907 1493 2988 conteretur,
1525 2921 1596 2978 etat

232 3029 369 3095 quonam
392 3007 486 3070 modo
508 3012 563 3068 aut
582 3005 715 3068 honeste
737 3012 792 3068 aut
812 3007 880 3070 sine
901 3003 1042 3090 periculo
1064 3006 1203 3089 potuerit
1224 3001 1397 3084 obsistere3
1436 3008 1462 3070 si
1491 3029 1558 3072 ma·

232 3107 318 3169 xime
346 3105 391 3168 ita
418 3103 476 3176 sit,
513 3121 589 3164 num
619 3119 656 3164 ea
678 3121 714 3164 re
735 3101 867 3166 concedi
889 3119 946 3166 reo
969 3101 1153 3175 conveniat,
1192 3101 1278 3186 quod
1300 3099 1404 3164 alieno
1427 3102 1557 3168 inductu

232 3198 353 3264 lecerit.
396 3197 518 3262 Deinde
539 3196 572 3259 iu
593 3195 836 3260 coniecturalem
859 3196 1003 3260 trahetur
1024 3195 1271 3261 controversiam
1293 3202 1326 3260 et
1347 3197 1556 3272 edisseretur,

232 3315 306 3358 num
329 3292 471 3356 consulto
493 3288 610 3354 lactum
633 3290 684 3354 sit.
732 3291 765 3354 Si
786 3309 881 3354 causa
901 3291 935 3354 in
956 3311 1023 3354 rem
1038 3292 1194 3376 quandam
1209 3287 1408 3367 conferetur,
1432 3294 1557 3356 ethaeo

232 3391 342 3452 eadem
363 3383 431 3450 iere
454 3393 486 3448 et
506 3385 630 3459 omnia,
653 3404 735 3470 quae
757 3387 797 3450 de
818 3385 1049 3450 necessitudine
1071 3386 1307 3470 praecepimus,
1331 3387 1593 3484 considerandam
1687 3391 1713 3432 ν’

232 3489 334 3547 erunt.
795 3507 798 3514 ’
1667 3484 1703 3518 ff

269 3555 300 3570 ‘⁶
315 3576 428 3642 XVlll.
453 3575 505 3638 27.
551 3573 708 3650 Quoniam
730 3574 804 3638 satis
826 3575 1000 3640 ostendisse
1021 3575 1184 3651 videmur,
1219 3572 1334 3661 quibus
1357 3585 1556 3661 argumenta·

232 3673 370 3737 tionibus
385 3672 417 3734 in
432 3689 495 3734 uno
516 3687 642 3754 quoque
665 3688 781 3752 genere
804 3688 915 3734 causae
938 3667 1091 3734 iudicialis
1113 3671 1159 3734 uti
1180 3672 1380 3748 conveniret,
1405 3674 1555 3760 consequi

231 3769 375 3842 ridetur,
408 3773 445 3828 ut
464 3766 651 3838 doceamus,
689 3766 955 3848 quemadmodum
976 3766 1059 3849 ipsas
1082 3767 1368 3848 argumentationes
1390 3776 1501 3832 ornate
1524 3775 1557 3832 et

233 3859 374 3926 absolute
397 3866 530 3922 tractare
553 3858 721 3941 possimus.
766 3861 843 3921 Nam
866 3855 932 3924 lere
953 3879 1018 3924 non
1049 3856 1176 3924 difficile
1204 3868 1253 3924 est
1281 3863 1441 3937 iuvenire,
1480 3864 1555 3948 quid
1565 3879 1592 3924 ss

232 3958 271 4021 sit
291 3975 402 4020 causae
424 3953 622 4028 adiument03
644 3949 861 4015 diltioillimum
884 3971 961 4017 vero
985 3961 1033 4016 est
1053 3954 1215 4018 inventum
1237 3957 1383 4041 expolire
1406 3964 1438 4019 et
1459 3975 1556 4041 expe-

232 4053 295 4115 dite
318 4048 534 4135 pronuntiare.
580 4047 666 4109 llaec
688 4047 772 4110 enim
794 4067 845 4110 res
871 4043 964 4121 iacit,
999 4054 1035 4113 ut
1061 4067 1164 4133 neque
1193 4049 1327 4125 diutius,
1366 4069 1460 4135 quam
1481 4049 1555 4116 satis

232 4147 288 4220 sit,
312 4145 344 4208 iu
366 4145 484 4206 eisdem
508 4140 585 4205 locis
607 4160 861 4217 commoremur,
886 4162 988 4227 neque
1010 4139 1125 4209 eodem
1146 4141 1318 4208 identidem
1340 4144 1553 4220 revolvamur,

231 4259 333 4325 neque
355 4239 533 4302 inchoatam
555 4236 857 4318 argumentationem
889 4235 1118 4323 relinquamus,
1154 4258 1257 4322 neque
1286 4238 1486 4310 incommode
1516 4242 1555 4304 ad

231 4334 323 4398 aliam
346 4330 494 4418 deinceps
515 4339 718 4394 transeamus.
764 4331 871 4416 ltaque
893 4332 952 4396 hac
973 4333 1094 4396 ratione
1117 4339 1149 4396 et
1169 4333 1229 4418 ipsi
1260 4333 1439 4398 meminisse
1466 4343 1593 4420 pote-m

231 4432 346 4504 rimus,
371 4429 445 4535 quid
467 4444 595 4512 quoquo
618 4422 689 4487 loco
712 4423 904 4499 dixerimus,
928 4432 960 4489 et
974 4428 1100 4490 auditor
1121 4445 1191 4490 cum
1215 4427 1311 4491 totius
1334 4447 1465 4504 causae,
1489 4437 1556 4494 turn

232 4525 323 4588 unius
357 4521 508 4607 cuiusque
537 4518 815 4603 argumentationis
844 4520 1098 4586 distributionem
1127 4523 1292 4607 percipere
1321 4530 1353 4587 et
1375 4525 1555 4588 meminisse

230 4619 358 4704 poterit.
400 4617 452 4680 28.
476 4617 560 4700 Ergo
595 4610 823 4677 absolutissima
853 4623 885 4677 et
912 4612 1140 4700 perfectissima
1173 4622 1222 4680 est
1249 4619 1476 4701 argumentatio
1500 4639 1554 4694 ea,

231 4733 311 4799 quae
332 4713 365 4778 in
387 4712 524 4796 quinque
546 4717 652 4795 partes
674 4714 721 4772 est
738 4703 917 4774 distributa:
938 4711 1207 4804 propositionem,
1229 4713 1401 4803 rationem,
1424 4715 1555 4781 rationis

300 4944 326 4992 1.
344 4937 599 4992 ueeesattateT.-
619 4937 646 4988 8.
666 4951 734 5002 quea
751 4937 879 4988 Phl'lil'a
899 4943 1010 5004 atquae
1027 4941 1131 4991 Au·-
1151 4940 1178 4991 8.
1198 4941 1404 5005 fortuttan-
1424 4947 1467 4998 21.
1488 4947 1555 4999 littra

227 5014 317 5076 primo
335 5013 437 5064 nunu.
458 5004 620 5073 (cdd-l
641 5009 685 5058 22.
703 5010 763 5057 utra
780 5015 816 5059 ert
833 5009 980 5060 soaT.-·
998 5012 1041 5062 28.
1062 5011 1429 5077 ἀίιιιτιειιιΕΒΤιιιιιηΛ
1447 5031 1556 5081 quaere·

231 5084 365 5134 curu·
384 5086 429 5135 aa
450 5079 756 5146 qunquaPTetpr.P‚
775 5081 1013 5145 tusaequoquolt
1033 5087 1112 5134 etrc.
1129 5084 1250 5146 corrP,
1268 5085 1347 5136 Ι.-
1366 5085 1410 5138 ld.
1426 5093 1556 5153 esterp-u

228 5155 471 5208 memorarunt:
484 5151 682 5217 argumentatio
693 5150 796 5214 estitit,
806 5165 859 5204 am.
870 5155 1149 5218 argumentantibu—
1159 5154 1205 5208 st.
1214 5153 1243 5221 8.
1252 5155 1363 5220 aurae.
1371 5161 1553 5221 retropositis.
