3742 5852
207 403 217 430 ⁶
298 427 362 494 sse
885 389 1046 496 saurus

298 591 387 672 66161
412 585 446 652 in
472 585 538 652 boc
567 593 703 652 errtlnm
732 587 892 673 vitamque
913 588 1023 656 Naevii
1043 589 1190 676 producit
1210 587 1346 676 longius.
1397 589 1477 655 llam
1497 585 1627 655 Plautus

146 667 166 753 ,¹
298 679 332 746 Ρ.
348 678 496 757 Claudio,
521 683 557 746 L.
574 683 688 747 Porcio
709 682 819 766 viginti
841 686 931 747 annis
945 691 1019 768 post
1038 683 1126 759 illos,
1149 703 1228 770 quos
1242 690 1315 748 ante
1330 679 1420 759 dixi,
1443 680 1626 750 consulibus

147 776 153 786 '
299 780 443 841 mortuus
465 782 528 848 est,
554 777 671 841 Catone
692 793 835 844 censore.
1506 778 1531 790 ““

381 870 434 934 61.
459 871 551 936 Hunc
571 869 668 955 igitur
683 872 854 955 Cethegum
877 877 1063 936 consecutus
1085 878 1256 937 6616616116
1278 873 1370 946 Ceto,
1393 875 1449 958 qui
1470 871 1560 939 annis
1575 891 1623 938 rx.

275 973 370 1050 spost
390 985 462 1030 eum
487 966 548 1030 fuit
567 963 688 1030 consul.
733 969 813 1032 Eum
835 985 894 1032 nos
915 974 950 1030 ut
963 975 1161 1053 perveterem
1175 963 1343 1041 babemus,
1366 968 1420 1054 qui
1434 972 1471 1035 L.
1489 968 1623 1045 Marcio,

155 1087 167 1137 2
297 1061 348 1124 Μ’.
373 1058 500 1125 llanilio
529 1060 710 1124 consulibus
737 1068 879 1126 mortuus
908 1068 973 1136 est,
1005 1060 1095 1126 aunis
1117 1080 1261 1127 cxxxvi.
1285 1061 1361 1147 ipsis
1383 1073 1455 1131 ante
1477 1085 1527 1130 me
1549 1083 1625 1130 con-

297 1154 410 1218 sulem.
455 1155 539 1220 xvl.
571 1141 741 1219 Nec‘iero
771 1157 876 1220 babeo
902 1173 1092 1240 quemquam
1119 1155 1348 1242 antiquiorem,
1384 1158 1624 1244 uniusquidem

297 1249 411 1334 6661616
439 1237 630 1333 proferenda
659 1254 785 1334 putem,
819 1247 882 1313 nisi
897 1268 1004 1333 (quem
1032 1248 1128 1331 Appii
1151 1249 1243 1316 Caeci
1271 1253 1372 1316 oratio
1394 1254 1471 1319 baec
1494 1256 1563 1340 ipsa
1583 1255 1623 1318 de

295 1341 418 1426 Pyrrho
451 1350 482 1407 et
513 1339 682 1407 nonnullae
714 1349 914 1408 mortuorum
945 1341 1140 1408 laudationes
1169 1342 1251 1409 forte
1278 1339 1456 1428 delectant.)
1497 1351 1549 1412 62.
1583 1349 1624 1411 Et

68 1393 177 1505 >sil
258 1455 286 1498 66
296 1433 440 1504 bercules
462 1456 518 1503 eae
539 1435 668 1525 quidem
692 1444 830 1503 exeunt:
863 1437 951 1523 ipsae
979 1439 1064 1502 enim
1090 1435 1226 1504 familiae
1248 1458 1306 1503 ena
1328 1433 1418 1524 qnasi
1439 1447 1625 1506 ornamenta

295 1551 332 1596 ac
353 1540 556 1598 monumenta
577 1528 746 1598 servabant
767 1540 798 1597 et
813 1529 854 1598 ad
869 1551 980 1607 usum,
1004 1529 1121 1616 siquis
1139 1529 1280 1598 eiusdem
1297 1535 1422 1617 generis
1441 1535 1620 1611 occidisset,

294 1634 328 1692 ct
358 1629 398 1692 ad
430 1628 615 1692 memoriam
642 1624 771 1692 laudum
800 1625 1041 1691 domesticarum
1071 1632 1102 1689 et
1123 1624 1165 1691 ad
1186 1624 1403 1694 illustrandam
1425 1628 1622 1695 nobilitatem

293 1741 394 1788 suem.
440 1722 639 1808 Quamquam
659 1719 709 1786 bis
729 1719 960 1785 laudationibus
981 1719 1112 1786 bistoria
1134 1741 1242 1787 rernm
1264 1729 1445 1789 nostrarum
1467 1731 1516 1788 est
1537 1722 1619 1789 facta

292 1817 485 1884 mendosior.
539 1814 637 1881 Multa
659 1818 742 1880 euim
763 1817 878 1902 scripta
899 1824 972 1880 sunt
993 1813 1026 1880 in
1049 1816 1110 1889 eis,
1140 1835 1221 1901 quae
1242 1817 1325 1882 faeta
1346 1837 1411 1884 non
1432 1824 1522 1895 sunt,
1551 1816 1622 1883 falsi

256 1911 463 1997 ssmumpbt,
486 1909 594 1996 plures
614 1909 809 1986 consulatus,
843 1929 961 1994 genera
986 1907 1179 1976 etiamfalsa
1201 1915 1292 1977 etad
1315 1911 1442 1999 plebem
1465 1914 1624 1978 166661116-

294 2027 369 2084 666,
392 2027 464 2072 eum
486 2003 628 2070 homines
649 2003 834 2070 humiliores
855 2005 889 2069 in
911 2003 1047 2069 alienum
1066 2003 1208 2070 eiusdem
1224 2006 1360 2072 nominis
1381 2007 1624 2074 infunderentur

294 2120 409 2189 genus:
434 2108 485 2175 ut,
508 2098 535 2165 si
558 2119 618 2184 ego
639 2120 691 2165 me
712 2119 731 2164 a
753 2103 804 2165 bf.
821 2099 924 2165 'fullio
946 2119 1016 2164 esse
1039 2100 1199 2175 dicerem,
1225 2101 1279 2185 qui
1297 2100 1448 2188 patricius
1464 2123 1535 2168 cum
1551 2103 1623 2166 Ser-

293 2196 347 2263 vio
370 2193 508 2283 Sulpicio
529 2193 639 2260 consul
668 2213 751 2260 anno
783 2196 906 2259 decimo
932 2199 1007 2279 post
1034 2200 1162 2258 exactos
1190 2213 1283 2280 reges
1304 2193 1375 2260 fuit.
1421 2199 1473 2262 63.
1497 2194 1622 2264 Catonis

154 2311 159 2325 ¹
293 2299 398 2359 antem
421 2288 580 2355 orationes
601 2309 665 2354 non
687 2287 791 2353 minus
813 2286 929 2352 multae
951 2284 1019 2352 fere
1040 2293 1112 2353 sunt
1134 2308 1227 2372 66666
1249 2288 1343 2372 Attici
1368 2289 1500 2375 Lysiae,
1533 2291 1622 2356 cuius

142 2406 149 2420 ¹
257 2387 433 2452 soarbitror
455 2383 604 2470 plurimas
626 2403 712 2462 esse;
742 2390 789 2449 est
810 2384 895 2448 enim
916 2383 1056 2457 Atticus,
1090 2379 1237 2468 quoniam
1260 2390 1346 2448 certe
1367 2383 1498 2450 Athenis
1521 2393 1568 2450 est
1589 2392 1621 2450 et

294 2489 385 2549 66166
413 2488 446 2546 61
467 2488 611 2545 mortuus
633 2485 664 2544 et
685 2476 810 2543 functus
832 2477 919 2544 omni
942 2475 1057 2542 civium
1078 2495 1228 2554 munere;
1264 2497 1453 2565 quamquam
1475 2481 1621 2544 Timaeus

139 2640 142 2654 ,
176 2575 202 2635 s
293 2596 367 2643 eum
397 2576 486 2662 qussi
508 2574 630 2639 Licinia
657 2582 689 2638 et
709 2574 811 2640 Mucia
838 2572 909 2668 lege
934 2569 1049 2657 repetit
1075 2571 1255 2655 Syracusas.
1298 2575 1339 2637 Et
1365 2576 1502 2660 quodam
1526 2575 1621 2641 medo

124 2660 137 2673 '¹
167 2657 172 2676 ¹
295 2680 343 2740 est
362 2671 516 2736 nonnulla
536 2667 570 2734 iu
592 2669 640 2733 bis
671 2667 765 2734 etiam
787 2667 870 2733 inter
891 2669 978 2750 ipsos
1000 2663 1195 2730 similitudo:
1230 2665 1314 2731 acuti
1336 2673 1426 2744 sunt,
1450 2668 1620 2755 elegantes,

293 2766 405 2843 faceti,
438 2768 570 2844 breves3
604 2766 661 2830 sed
689 2763 742 2829 ille
774 2764 912 2828 Graecus
939 2759 978 2826 ab
1007 2757 1092 2824 omni
1121 2759 1213 2824 laude
1243 2758 1374 2826 felicior.
1429 2763 1483 2827 db.
1518 2765 1622 2828 Habet

256 2864 377 2930 sscnim
407 2868 511 2926 certos
540 2858 589 2924 sui
611 2856 785 2934 studiosos,
818 2858 872 2944 qui
894 2875 958 2921 non
981 2860 1044 2918 166]
1067 2850 1192 2918 babitus
1215 2853 1357 2941 corporis
1379 2858 1504 2944 opimos
1526 2878 1621 2943 qnam

294 2955 483 3046 gracilitates
505 2961 743 3033 consectentur;
779 2972 877 3038 quos,
909 2946 1057 3015 valetudo
1079 2949 1174 3013 modo
1197 2950 1282 3016 bone
1303 2949 1362 3027 sit,
1395 2954 1530 3016 tenuitas
1551 2952 1620 3039 ipsa

294 3053 438 3122 delectat.
485 3051 681 3136 Quamquam
703 3050 735 3112 in
757 3047 850 3133 Lysia
872 3054 943 3111 sunt
964 3064 1060 3126 saepe
1082 3043 1177 3106 ctiam
1199 3041 1322 3120 lacerti,
1346 3043 1392 3110 sic
1406 3054 1442 3111 ut
1457 3042 1527 3110 lieri
1540 3045 1619 3110 nibil

292 3149 393 3236 possit
406 3144 569 3214 valentius.
611 3142 729 3209 Verum
746 3149 794 3208 661
807 3147 894 3206 66616
909 3157 1025 3224 genere
1039 3143 1107 3202 toto
1123 3136 1306 3221 strigosior:
1330 3143 1387 3204 sed
1401 3140 1499 3204 babet
1512 3147 1619 3204 tamen

293 3263 369 3310 suos
390 3241 586 3312 laudatores,
608 3237 663 3322 qui
683 3239 742 3301 heo
765 3235 833 3319 ipsa
851 3234 919 3300 eius
933 3233 1104 3299 subtilitate
1118 3229 1288 3297 admodum
1304 3236 1474 3317 gaudeant.
1517 3236 1618 3302 XVII.

255 3341 346 3406 6166.
377 3336 526 3403 Catonem
560 3349 638 3396 vero
661 3328 733 3416 quis
759 3335 942 3395 nostrorum
970 3335 1151 3403 oratorum,
1185 3329 1240 3412 qui
1268 3326 1397 3412 quidem
1424 3347 1508 3395 nunc
1535 3335 1619 3406 sunt,

292 3429 394 3518 legit?
426 3436 480 3495 aut
501 3425 572 3513 quis
593 3423 682 3492 novit
702 3424 857 3490 omninot
887 3428 927 3489 At
949 3441 1043 3508 quem
1065 3421 1189 3498 virum,
1219 3419 1251 3486 di
1273 3423 1374 3487 bonit
1404 3424 1495 3489 mitto
1518 3423 1619 3490 civem

293 3535 347 3594 aut
367 3532 545 3594 senatorem
568 3527 623 3587 aut
650 3519 899 3602 imperatorem:
936 3524 1097 3584 oratorem
1126 3515 1210 3582 enim
1238 3513 1300 3581 boe
1321 3517 1393 3583 loeo
1414 3521 1617 3605 quaerimuss

293 3622 364 3709 quis
392 3617 446 3686 illo
469 3615 650 3705 gravioria
673 3611 855 3679 laudando‘t
889 3609 1035 3678 acerbior
1056 3611 1090 3677 in
1117 3608 1355 3695 vituperandos
1391 3611 1425 3678 in
1457 3613 1619 3678 sententiis

292 3715 456 3802 argutior?
484 3706 682 3778 inducendo
705 3707 972 3792 edisserendoque
994 3706 1163 3772 subtilior?
1198 3708 1343 3773 Refertae
1366 3714 1439 3775 sunt
1459 3709 1619 3774 orationes

255 3810 427 3896 etamplius
448 3813 575 3875 centum
589 3803 828 3892 quinquaginta,
850 3821 929 3890 quas
950 3798 1079 3888 quidem
1100 3801 1202 3865 adbuc
1222 3799 1399 3868 invenerim
1420 3811 1454 3868 et
1472 3801 1617 3888 legerim,

293 3913 326 3974 et
346 3904 451 3974 verbis
472 3909 506 3968 et
524 3897 622 3967 rebus
643 3895 828 3968 illustribus.
882 3897 972 3962 Licet
992 3915 1034 3962 ex
1054 3893 1103 3962 bis
1123 3894 1317 3980 eligentes,
1354 3917 1434 3982 quae
1455 3897 1618 3962 notatione

293 4010 325 4069 et
339 4000 432 4068 laude
448 3996 541 4083 digna
555 3997 640 4072 sint,
663 4013 775 4060 omnes
789 3989 947 4059 oratoriae
960 3990 1092 4058 virtutes
1105 3987 1141 4055 in
1160 3991 1201 4055 iis
1220 3989 1430 4073 reperientur.
1476 3995 1529 4057 66.
1552 3993 1619 4056 Iam

292 4117 371 4166 rere
393 4092 539 4180 Origines
562 4092 631 4156 eius
652 4110 745 4176 quem
768 4091 880 4155 florem
893 4093 948 4152 aut
961 4088 1047 4174 quod
1060 4082 1165 4149 lumen
1180 4083 1380 4172 eloquentiae
1395 4105 1459 4153 non
1473 4087 1615 4151 babentt

291 4195 459 4259 Amatores
480 4188 554 4253 buia
576 4188 705 4258 desunt,
726 4183 818 4249 sicuti
840 4180 945 4248 mutus
966 4183 1029 4245 ism
1044 4186 1116 4268 ante
1131 4178 1245 4244 seculis
1259 4187 1292 4244 et
1305 4179 1434 4246 Philisto
1451 4176 1617 4268 Syracusio

255 4295 326 4356 1161
345 4286 408 4372 ipsi
429 4278 612 4369 Thucydidi.
654 4281 752 4355 Nam,
782 4284 819 4343 ut
837 4280 951 4342 borum
973 4272 1107 4342 concisis
1128 4272 1307 4350 sententiis,
1336 4273 1495 4341 interdum
1522 4271 1615 4338 etiam

361 4479 389 4530 6.
407 4474 553 4530 mutes
569 4471 725 4526 blsnnttuss
744 4467 863 4521 66666166
881 4467 936 4520 611.
956 4467 1038 4529 (Ltbrt
1057 4463 1161 4529 coss.)
1180 4487 1208 4500 -
1237 4464 1264 4516 6.
1283 4477 1392 4516 usses.
1411 4464 1459 4531 bg.
1477 4464 1522 4517 66.
1542 4475 1612 4516 6666.

292 4549 321 4602 6.
340 4557 367 4602 61
385 4551 448 4600 11666
460 4559 528 4600 6666.
547 4546 612 4597 bb:
631 4554 735 4596 usam
752 4553 812 4594 cum
831 4542 927 4593 6616616
946 4538 1030 4590 13666.
1043 4538 1075 4588 ll.
1093 4561 1123 4576 ·-
1143 4537 1170 4588 6.
1188 4537 1434 4588 6616161116661166.
1455 4561 1485 4574 -
1506 4537 1549 4588 16.
1568 4547 1615 4588 666

293 4621 360 4674 Van.
380 4621 407 4670 1.
426 4619 469 4670 66
503 4617 552 4668 bos
570 4627 629 4667 cum
648 4613 793 4667 66166166.
821 4609 886 4674 (Eos
904 4611 1031 4664 66116666
1051 4609 1105 4660 fers
1129 4613 1210 4672 atque
1235 4607 1384 4660 sstnsmodt
1411 4607 1613 4666 laudationum

293 4693 343 4744 boe
360 4691 448 4743 166616
470 4693 619 4752 «66616661
637 4686 742 4738 babttae
759 4689 856 4743 suctu
875 4682 902 4734 16
921 4681 991 4747 qnod
1011 4677 1147 4743 probsbtte
1166 4692 1219 4731 non
1238 4687 1286 4732 666
1307 4675 1371 4742 On.)
1389 4703 1424 4714 -
1443 4679 1485 4730 16.
1506 4678 1544 4742 66
1559 4677 1614 4739 616-

293 4761 545 4814 6666116616666666
564 4758 666 4823 sobbe
681 4754 772 4807 16666.
786 4753 819 4806 E.
840 4776 870 4790 -
890 4753 934 4804 16.
954 4751 1045 4803 6666661
1061 4750 1121 4802 ttbrt
1140 4761 1231 4802 omnes
1253 4750 1338 4801 6166
1358 4749 1461 4800 consuls
1479 4761 1538 4800 eum
1557 4750 1612 4800 tac.

293 4832 427 4885 66666616
446 4830 478 4881 6.
497 4854 531 4866 -
558 4829 601 4882 se.
621 4827 750 4894 1666111661
770 4825 857 4878 6166
884 4837 963 4875 66666
980 4823 1108 4885 66661111.
1128 4820 1219 4872 bamb.
1239 4820 1316 4872 Grnt.
1337 4819 1367 4870 6.
1392 4845 1426 4856 -
1453 4817 1612 4871 666161).

293 4903 347 4956 66.
366 4904 392 4953 1.
412 4899 524 4954 bamba
553 4901 587 4952 116
604 4911 665 4951 eum
684 4896 829 4951 66166166.
859 4919 891 4932 -·
921 4894 967 4944 67.
985 4891 1191 4945 661661611116616
1218 4893 1324 4944 66166161
1340 4891 1362 4940 u
1386 4892 1458 4942 6661.
1485 4915 1519 4928 -
1548 4891 1613 4940 6661

292 4971 451 5036 6666611161
470 4983 578 5032 onnes,
597 4971 641 5022 66
670 4963 923 5032 6666666666661.
943 4965 975 5016 6.
996 4989 1026 5002 -
1056 4963 1100 5014 61.
1119 4963 1147 5012 61
1165 4962 1212 5026 bg.
1231 4963 1258 5013 a.
1276 4963 1320 5014 61.
1339 4961 1408 5013 Vsu.
1428 4965 1474 5014 1.6
1494 4961 1533 5012 su
1551 4971 1612 5014 casn

293 5046 388 5100 6616616
407 5043 439 5094 u.
458 5065 492 5078 -
519 5041 564 5092 16.
582 5041 720 5094 6661661116
737 5037 869 5089 1661666666
886 5037 983 5094 611666,
1011 5033 1149 5086 66666116
1166 5037 1267 5100 apoto
1283 5037 1371 5086 661666
1386 5045 1444 5086 cass
1462 5031 1515 5086 66.
1535 5033 1560 5084 1.
1582 5031 1610 5084 6.
1717 5073 1720 5082 .

291 5115 390 5173 116666.
409 5111 499 5183 (Peter
515 5123 622 5177 6666666
639 5110 785 5164 66661661.
805 5107 927 5170 recepto)
