3742 5852
284 382 292 397 ’
326 431 389 503 ιιι
676 399 684 412 '
907 437 1070 507 oarrou

325 596 456 683 poterit.
500 595 606 662 Prima
620 594 704 662 enim
718 606 903 685 sequentem
915 601 1084 667 honestum
1099 610 1147 666 est
1162 600 1195 668 in
1210 600 1355 670 secundis
1369 604 1532 690 tertiisque
1550 603 1655 671 consi-

325 703 421 759 stcre.
456 695 533 757 Nem
548 691 697 775 inpolitis
712 712 776 758 non
792 695 934 760 Homero
950 695 1008 761 soli
1023 694 1110 761 locus
1125 705 1173 762 est
1186 733 1229 746 -
1242 706 1277 763 ut
1290 700 1330 763 da
1346 698 1472 766 Graecis
1486 697 1597 784 loquer
1611 734 1654 750 —

325 797 379 855 ant
399 786 590 853 Archilocho
611 795 663 850 ant
685 787 834 874 Sophocli
855 796 911 854 aut
934 790 1090 867 Pindaro,
1124 794 1180 857 sed
1207 793 1323 858 horum
1354 792 1403 857 vel
1433 791 1576 858 secundis
1602 791 1655 857 rel

326 883 421 949 etiam
442 880 525 946 inira
546 884 712 947 secundos.
758 887 789 948 5.
810 887 876 951 Nec
903 905 980 953 vcro
1001 887 1203 951 Aristotelem
1223 886 1256 949 in
1279 888 1478 973 philosophia
1500 885 1655 953 deterruit

303 975 533 1043 rescribendo
555 974 727 1058 amplitudo
749 977 902 1055 Platonis,
934 1001 995 1046 neo
1022 980 1090 1066 ipse
1115 979 1301 1046 Aristoteles
1322 981 1497 1049 admirabili
1519 984 1654 1070 quadam

325 1075 456 1140 scientia
477 1079 510 1138 ct
530 1069 622 1157 copia
642 1079 819 1138 ceterorum
841 1075 944 1140 studia
965 1074 1123 1140 restinxit.
1169 1079 1210 1142 11.
1244 1080 1308 1141 Nec
1335 1075 1437 1142 selum
1464 1079 1504 1141 ab
1526 1076 1654 1161 optimis

326 1169 437 1233 studiis
466 1167 658 1233 excellentes
684 1168 745 1233 viri
773 1171 916 1234 deterriti
944 1189 1008 1236 non
1037 1177 1124 1246 sunt,
1162 1168 1218 1236 sed
1243 1190 1285 1235 ne
1312 1168 1442 1257 opifices
1470 1172 1597 1258 quidem
1619 1187 1654 1235 sc

327 1261 447 1328 artibus
468 1261 532 1327 suia
555 1269 777 1340 removerunt,
810 1266 864 1349 qui
885 1271 940 1328 aut
960 1265 1073 1349 Ialysi,
1097 1283 1191 1350 quem
1214 1265 1318 1332 Rhodi
1340 1268 1490 1343 vidimus,
1512 1287 1575 1331 uon
1597 1283 1656 1350 po-

326 1363 456 1424 tuerunt
483 1363 537 1421 ant
565 1358 648 1422 Coae
676 1359 808 1424 Veneris
835 1357 1100 1446 pulchritudinem
1121 1358 1249 1424 imitari.
1290 1363 1357 1425 Nec
1379 1362 1548 1427 simulacro
1569 1357 1655 1424 loris

289 1469 317 1510 ro
328 1450 464 1537 Olympii
486 1457 541 1515 aut
560 1452 741 1537 Doryphori
763 1460 864 1519 statua
886 1453 1028 1520 deterriti
1049 1455 1165 1542 reliqui
1187 1456 1290 1522 miuus
1312 1456 1435 1539 experti
1457 1463 1544 1530 snut,
1579 1449 1655 1540 quid

327 1545 453 1612 efficere
475 1553 530 1610 aut
551 1567 614 1629 quo
636 1549 787 1631 progredi
808 1557 956 1633 possent;
980 1569 1115 1636 quornm
1138 1555 1223 1616 tauta
1238 1549 1405 1616 multitudo
1420 1547 1498 1626 tuit,
1523 1556 1606 1612 tanta
1621 1548 1654 1612 iu

327 1662 385 1706 suo
408 1641 562 1724 cuiusque
584 1661 702 1725 genere
724 1643 812 1719 laus,
836 1651 888 1720 ut,
913 1663 985 1708 cum
1008 1662 1129 1707 summa
1151 1643 1357 1722 miraremur,
1381 1642 1531 1708 inferiora
1551 1651 1655 1708 tamen

325 1733 544 1822 probaremus.
590 1738 622 1800 6.
656 1738 690 1800 ln
712 1738 893 1803 oratoribus
920 1758 1014 1812 vero,
1050 1735 1177 1802 Graecis
1204 1739 1348 1822 quidem,
1382 1735 1564 1803 admirabile
1584 1742 1654 1811 est,

328 1839 480 1916 quantum
502 1831 585 1895 inter
605 1849 717 1895 omues
735 1853 817 1896 unus
832 1834 975 1898 excellat.
1017 1836 1062 1898 Ac
1077 1840 1181 1896 tamen
1191 1878 1200 1909 ,
1225 1853 1296 1896 cum
1311 1839 1394 1897 esset
1407 1833 1654 1906 Demosthenes,

289 1923 419 1990 1⁵multi
439 1933 584 1990 oratores
605 1923 710 2010 magni
731 1933 764 1990 et
785 1927 862 1991 clari
891 1925 1019 1993 luerunt
1041 1933 1074 1992 et
1095 1934 1188 1992 antea
1210 1923 1335 1993 fuerant
1355 1948 1414 1992 nec
1435 1935 1544 2011 postea
1567 1925 1655 1991 deie-

328 2028 450 2088 cerunt.
496 2021 603 2108 Quare
623 2039 689 2086 non
711 2028 776 2099 est,
809 2042 867 2087 cnr
888 2042 1016 2099 comm,
1039 2022 1104 2106 ¹qui
1126 2041 1160 2086 ae
1180 2019 1285 2086 studio
1309 2023 1507 2108 eloquentiae
1528 2020 1656 2085 dedide-

328 2124 419 2193 runt,
444 2134 516 2199 spes
537 2112 728 2200 infringatur
748 2123 802 2180 ant
822 2115 1002 2202 languescat
1022 2115 1186 2181 industria.
1231 2119 1310 2182 Num
1328 2137 1433 2203 neque
1447 2117 1526 2181 illud
1538 2115 1654 2201 ipsum,

329 2211 416 2298 quod
442 2216 491 2274 est
520 2206 691 2294 optimum,
724 2208 958 2297 ,desperandum
989 2219 1036 2278 est
1064 2218 1097 2276 et
1123 2209 1156 2276 in
1178 2213 1407 2296 praestantibus
1428 2207 1523 2276 rebus
1546 2228 1657 2292 magna

329 2311 403 2372 sunt
423 2324 477 2381 ea,
511 2324 591 2390 quac
613 2311 687 2368 sunt
707 2304 834 2391 optimis
855 2307 1011 2392 proxima.
1056 2307 1089 2370 7.
1121 2306 1224 2393 Atque
1246 2325 1307 2390 ego
1329 2307 1362 2370 in
1383 2326 1507 2372 summo
1530 2314 1657 2371 oratore

292 2397 476 2485 stangenao
499 2396 593 2463 talem
615 2397 813 2477 informabo,
837 2399 938 2486 qualis
959 2399 1093 2466 sortasse
1114 2419 1208 2465 nemo
1227 2400 1298 2465 suit.
1343 2403 1415 2465 Non
1430 2400 1513 2466 enim
1528 2418 1657 2488 quaero,

331 2493 402 2581 quia
422 2491 536 2569 luerit,
560 2494 616 2557 sed
638 2492 714 2577 quid
736 2495 778 2558 sit
798 2493 894 2572 illud,
925 2515 988 2583 quo
1010 2492 1089 2561 nihil
1109 2495 1210 2579 possit
1231 2514 1300 2560 esse
1321 2497 1548 2577 praestantius,
1571 2495 1658 2585 quod

330 2591 364 2655 in
384 2589 595 2674 perpetuitate
617 2585 742 2655 dicendi
763 2607 829 2655 nou
851 2609 945 2676 saepe
966 2597 1060 2676 atque
1083 2589 1168 2653 haud
1189 2591 1255 2654 scio
1278 2609 1517 2678 nonunquam,
1547 2590 1580 2655 in
1602 2589 1658 2654 ali-

319 2704 394 2769 qua
415 2689 518 2747 antem
540 2687 628 2766 parte
649 2681 771 2747 eluceat
791 2681 976 2770 aliquando,
1000 2682 1085 2749 idem
1107 2685 1191 2766 apud
1212 2682 1291 2748 alios
1313 2681 1458 2762 densius,
1482 2683 1565 2771 apud
1579 2681 1658 2749 alios

330 2779 465 2843 fortasse
485 2774 599 2842 rarius.
645 2779 707 2843 Sed
729 2797 789 2863 ego
812 2779 858 2843 sic
885 2786 1003 2855 statuo,
1037 2778 1116 2843 nihil
1137 2797 1205 2842 esse
1227 2777 1260 2843 in
1281 2777 1347 2844 ullo
1369 2797 1484 2864 genere
1505 2787 1569 2844 tam
1589 2777 1658 2864 pul-

294 2875 464 2950 archium,
499 2892 563 2958 qno
593 2891 659 2938 non
687 2871 849 2956 pulchrius
876 2872 909 2939 id
936 2873 990 2950 eit,
1022 2875 1107 2939 nude
1134 2871 1213 2937 illud
1240 2879 1275 2936 ut
1302 2893 1342 2939 ex
1362 2893 1418 2939 ore
1440 2871 1544 2960 aliquo
1568 2869 1659 2957 quasi

333 2969 438 3052 imago
468 2969 679 3053 exprimatur,
715 2970 802 3053 quod
828 2987 933 3054 neque
954 2969 1055 3033 oculis
1077 2987 1180 3054 neque
1200 2969 1331 3033 auribus
1352 2988 1456 3055 neque
1477 2967 1542 3035 ullo
1564 2987 1659 3032 sensu

331 3061 453 3150 percipi
483 3066 605 3145 potest,
639 3063 829 3146 cogitatione
856 3069 977 3128 tautum
1003 3069 1035 3127 et
1062 3070 1167 3128 mente
1196 3061 1444 3148 complectimur.
1488 3065 1597 3148 ltaque
1627 3066 1659 3125 et

332 3156 462 3223 Phidiae
483 3154 678 3233 simulacris,
702 3153 816 3243 quibus
837 3155 914 3222 nihil
936 3157 969 3221 in
990 3155 1045 3221 illo
1067 3175 1182 3242 genere
1203 3156 1372 3241 perfectius
1390 3159 1551 3234 videmus,
1575 3164 1607 3221 et
1619 3155 1659 3220 iis

333 3247 480 3336 picturis,
513 3269 591 3335 quas
612 3250 786 3325 nominari,
819 3253 960 3334 cogitare
982 3259 1088 3315 tamen
1109 3271 1277 3334 possumus
1297 3250 1490 3335 pulchriora.
1535 3254 1566 3317 9.
1596 3254 1659 3316 Nec

298 3364 412 3412 severo
433 3343 487 3409 ille
508 3341 640 3422 artilex,
664 3363 737 3411 cum
758 3343 876 3410 laceret
897 3346 981 3410 loris
1002 3343 1136 3411 sormam
1157 3353 1214 3411 ant
1228 3348 1402 3427 hlincrvae,
1425 3342 1660 3430 contemplaba-

335 3451 387 3508 tur
407 3439 561 3525 aliquem,
584 3457 681 3525 equo
700 3438 937 3504 similitudinem
959 3439 1105 3518 duceret,
1129 3444 1185 3507 sed
1207 3441 1303 3528 ipsius
1324 3444 1357 3506 in
1378 3450 1484 3508 mente
1505 3442 1659 3507 insidebat

334 3537 457 3624 species
478 3533 719 3620 pulchritudiuis
741 3532 857 3600 eximia
877 3534 1051 3621 quaedam,
1088 3555 1184 3623 qnam
1210 3536 1335 3602 intuens
1361 3537 1395 3600 in
1416 3557 1516 3622 eaque
1538 3533 1658 3602 delirus

335 3634 377 3697 ad
397 3629 481 3696 illius
502 3627 739 3694 similitudinem
761 3637 860 3694 artem
882 3637 915 3694 ot
935 3650 1062 3696 manum
1084 3633 1251 3716 dirigebat.
1294 3633 1351 3697 111.
1375 3632 1414 3697 Ut
1433 3630 1528 3715 igitur
1548 3629 1581 3695 in
1594 3628 1661 3696 lor·

335 3724 396 3793 mis
423 3733 455 3791 et
481 3721 592 3809 figuris
620 3732 669 3790 est
696 3722 815 3810 aliquid
842 3723 1017 3811 perlectum
1046 3734 1079 3791 et
1105 3726 1280 3805 excellens,
1315 3727 1404 3793 cuius
1429 3728 1470 3791 ad
1493 3724 1659 3809 cogitatam

300 3817 477 3904 asspeciem
498 3816 650 3884 imitando
671 3816 851 3886 referuntur
873 3815 926 3896 ea,
958 3840 1040 3908 quac
1069 3817 1128 3888 suh
1148 3819 1256 3888 oculos
1277 3819 1345 3906 ipsa
1365 3840 1430 3885 non
1453 3821 1582 3898 cadunt;
1615 3815 1660 3882 sic

275 3993 283 4004 ,
336 3913 496 4002 perlectae
517 3913 715 3999 eloquentiae
736 3913 875 3999 speciem
896 3917 1000 3980 animo
1023 3917 1180 3996 ridemus,
1214 3913 1351 4000 effigiem
1379 3912 1509 3980 auribus
1535 3910 1660 4001 quaeri·

409 4184 437 4236 1.
450 4183 491 4236 Aa
502 4185 531 4236 tn
540 4183 625 4249 pocae
636 4198 692 4236 aon
705 4183 820 4238 floram
829 4184 883 4239 Ἧι.
895 4187 969 4240 11111.
980 4190 1117 4256 cetertque
1130 4187 1200 4251 ttbrt,
1212 4182 1510 4250 intepretationem
1520 4177 1660 4248 (cutmen)

339 4253 372 4320 u,
386 4257 458 4321 quod
473 4259 509 4307 tta
521 4263 666 4308 correctum
680 4264 721 4308 eat
733 4259 760 4307 tn
772 4257 833 4310 hro.
847 4272 901 4310 rec.
917 4260 988 4312 Crat.
1000 4272 1008 4310 a
1027 4261 1086 4312 Noa
1098 4261 1166 4314 actm
1178 4262 1206 4311 in
1215 4261 1301 4324 potata
1313 4259 1441 4312 Homero,
1461 4263 1488 4309 et
1500 4256 1550 4306 hcc
1563 4253 1661 4316 placuit

339 4329 437 4382 Betero
457 4339 488 4378 rc
506 4327 661 4379 Leutscbto.
697 4327 732 4379 ur
749 4341 814 4390 uos,
840 4329 912 4380 lunt.
933 4342 988 4383 rec.
1008 4355 1041 4368 -
1067 4331 1094 4385 3.
1114 4330 1256 4382 Madaro?
1282 4327 1333 4381 Sed
1349 4327 1443 4378 horum
1460 4328 1490 4376 tn
1506 4339 1555 4377 rec·
1573 4323 1606 4375 11.
1629 4345 1660 4360 ·-·

338 4400 365 4452 c.
377 4399 528 4452 «restrinxit
549 4397 600 4452 (iu.
620 4401 646 4450 1.
666 4398 693 4448 2.
713 4403 740 4450 et
759 4412 827 4450 corr.
846 4400 901 4453 Ἧι.
923 4406 986 4459 tuen
1005 4399 1052 4462 11.)
1079 4427 1108 4441 -·
1137 4401 1165 4453 1.
1184 4414 1211 4453 ιι
1229 4401 1262 4450 ab
1281 4399 1384 4450 αιιιὺιιι
1400 4397 1494 4450 hamb.
1514 4399 1583 4448 cont.
1605 4393 1659 4446 Ctr.

339 4471 437 4534 Zumpt
453 4469 487 4522 ad
508 4469 583 4521 Verr.
605 4483 632 4533 p.
650 4469 712 4520 128.
739 4494 773 4508 -
802 4470 845 4522 13.
865 4469 938 4537 asro]
959 4479 1048 4525 autem
1066 4472 1117 4524 tiu·
1138 4473 1164 4522 1.
1194 4495 1225 4509 -·
1258 4468 1365 4521 &cesta
1383 4467 1489 4533 quidam
1506 4471 1564 4519 atne
1581 4477 1662 4518 causa

340 4545 464 4606 suspecta
482 4539 635 4592 Leutschto.
657 4563 688 4578 -
712 4539 757 4592 11.
775 4539 813 4592 Ac
830 4546 917 4595 tonus
935 4543 1029 4605 hina,
1051 4542 1103 4594 tiu.
1123 4543 1149 4593 1.
1169 4542 1217 4592 2:
1247 4541 1374 4592 Attamen
1390 4540 1444 4590 1111.
1464 4539 1515 4601 (he
1534 4538 1588 4589 Ἧι.
1606 4549 1662 4587 non

339 4607 445 4678 liquat.)
465 4635 494 4650 -
515 4612 559 4663 15.
578 4617 640 4662 cute
655 4611 690 4663 11.
712 4637 741 4649 -
764 4610 807 4663 td.
826 4615 916 4665 studio
933 4615 1095 4679 eloquentior
1113 4625 1141 4664 ιι
1158 4611 1209 4664 tiu.
1230 4613 1257 4664 l.
1283 4635 1314 4648 -
1345 4609 1388 4662 18.
1404 4609 1583 4674 maumites
1601 4617 1663 4658 cum

340 4685 414 4735 ttbrts
434 4682 567 4747 plerisque
591 4679 682 4747 (attam
702 4681 753 4736 Gu.
773 4682 811 4744 1.)
837 4685 872 4735 u.
903 4685 1077 4737 Emendatum
1102 4687 1129 4735 tn
1154 4683 1206 4736 tiu.
1225 4683 1253 4734 2.
1272 4682 1351 4735 etat)
1374 4680 1452 4733 atto.
1486 4705 1514 4719 -
1545 4681 1591 4731 11.
1609 4689 1663 4728 essa

339 4756 422 4818 pontt
437 4753 530 4809 utor..
551 4751 603 4803 ou.
618 4753 644 4803 1.
657 4755 684 4803 2.
698 4753 731 4804 11.
746 4778 778 4790 -
797 4753 1132 4820 sammarthanus.
1146 4761 1172 4807 et
1185 4755 1256 4806 lunt.
1268 4765 1341 4807 seca
1361 4765 1479 4822 unquam
1495 4756 1587 4804 astarte
1601 4761 1663 4801 curn

341 4826 416 4876 ttbrts
428 4823 485 4875 RB.
502 4850 531 4863 -
551 4823 596 4874 13.
615 4823 699 4876 elucet
710 4823 772 4875 Era.
787 4829 856 4878 cont.
872 4852 903 4865 -
920 4827 949 4877 td
964 4827 1032 4877 tatem
1044 4832 1081 4877 ast
1092 4825 1166 4888 apud
1179 4824 1213 4876 u.
1226 4847 1257 4866 ·-
1274 4825 1319 4877 2¹1.
1338 4829 1364 4876 st
1374 4831 1436 4877 rute
1448 4821 1494 4872 Pb.
1509 4835 1562 4874 out.
1580 4820 1613 4871 11.
1629 4845 1660 4860 -

341 4893 388 4945 28.
408 4894 495 4947 flabat
505 4893 622 4946 videmus
632 4895 675 4959 11,
695 4907 748 4945 non
760 4896 875 4948 otdtmus
887 4909 956 4949 corr·
970 4897 1044 4950 Etnr·
1058 4903 1086 4951 et
1096 4898 1160 4960 attq.
1172 4895 1239 4949 lidd.
1251 4901 1316 4948 ιιιι.
1330 4918 1362 4932 -
1379 4895 1516 4957 tuditan,
1533 4891 1662 4947 mornas

343 4967 384 5016 hta
403 4975 463 5015 cum
484 4969 579 5018 ceterts
597 4964 654 5017 1111.
673 4989 706 5002 -
726 4965 770 5014 aa.
789 4973 814 5018 et
831 4970 860 5018 ta
870 4969 964 5034 figuras
984 4981 1044 5022 eum
1064 4969 1132 5020 Van.
1151 4979 1206 5020 see.
1225 4967 1287 5020 Tul.
1307 4965 1407 5032 Meyer.
1443 4964 1478 5016 Ut
1495 4976 1561 5023 nor,
1581 4965 1664 5016 ettam

342 5036 376 5088 11.
397 5059 430 5072 -
460 5035 504 5088 35.
523 5040 583 5100 tpsa
600 5049 655 5088 oon
672 5033 772 5087 cadant
790 5049 848 5089 cum
868 5039 940 5090 ltbrta
959 5033 1049 5102 (ettam
1068 5037 1120 5091 tiu.
1140 5039 1167 5092 1.
1186 5039 1233 5102 1.,
1254 5039 1287 5092 da
1306 5037 1403 5103 qutbua
1421 5035 1540 5088 nonnulli
1560 5033 1665 5088 dubtu-

343 5107 418 5166 bant)
434 5104 476 5159 u:
494 5109 556 5171 ipae
573 5109 673 5162 sudum
690 5105 754 5174 (οιιι.
771 5107 838 5176 aon)
857 5121 917 5164 cunr
936 5109 1053 5165 Victoria
1071 5109 1105 5166 V·
1124 5107 1156 5164 1..
1175 5109 1220 5176 11,
1239 5109 1284 5164 lb.
1302 5108 1395 5164 hamb·
1415 5107 1448 5163 ll.
1468 5105 1584 5162 Goeller.
