3742 5852
292 418 354 487 360
877 413 1027 482 BRUTUS

292 580 462 648 nodatum.
504 578 614 667 ltaque
633 573 704 654 illa,
727 593 808 665 quae
820 574 950 661 propria
965 583 1012 642 est
1024 579 1117 643 huius
1132 575 1328 664 disciplinae,
1350 578 1610 668 philosophorum

292 680 332 743 de
359 696 394 743 se
422 676 564 761 ipsorum
593 671 718 760 opinio,
750 670 840 738 firma
865 673 899 736 in
920 669 981 737 hoe
1002 670 1070 737 viro
1093 680 1125 738 et
1145 672 1265 740 stabitis
1286 676 1412 741 inventa
1432 683 1490 740 est.
1536 677 1609 740 115.

292 771 354 849 Qui
375 788 447 835 cum
467 766 737 834 innocentissimus
757 767 792 831 in
816 767 966 832 iudicium
995 775 1124 833 vocatus
1152 774 1253 844 esset,
1287 771 1364 854 (quo
1392 766 1510 834 iudicio
1535 791 1612 835 con·

73 869 174 996 ,App-‚⁴
290 865 411 932 valeam
432 860 557 949 penitus
576 863 691 948 spimus
712 881 782 927 esse
803 882 872 927 rem
893 859 1182 947 publicam,)·cnm
1205 870 1308 952 essent
1328 882 1368 930 eo
1388 870 1530 950 tempore
1544 867 1611 930 elo-

49 937 75 1000 ¹¹
122 1034 154 1047 φ
203 1002 221 1066 4
268 957 486 1047 equentissimi
507 955 569 1023 riri
589 959 626 1022 L.
644 959 773 1024 Crassus
795 962 827 1021 et
847 959 889 1021 bl.
913 957 1066 1023 Antonius
1092 957 1290 1051 consulares}
1321 979 1431 1025 eorum
1459 957 1610 1026 adhibere

82 1052 180 1144 ppt*
291 1061 438 1120 neutrum
461 1051 574 1120 voluit:
594 1052 691 1142 (dipit
717 1052 786 1135 ipse
814 1069 873 1137 pro
901 1071 989 1129 sese,
1024 1061 1055 1119 et
1075 1041 1231 1139 pauca'G.
1245 1041 1350 1131 Gottal
1384 1052 1470 1141 quod
1492 1057 1610 1121 sororis

291 1145 481 1224 eratfilius,
516 1152 548 1212 et
575 1147 602 1210 is
631 1145 758 1234 quidem
790 1151 893 1212 tamen
921 1152 957 1210 ut
977 1152 1106 1225 orator,
1141 1168 1328 1236 quamquam
1350 1158 1419 1215 erat
1440 1148 1609 1215 admodum

290 1241 483 1309 adolescens.
528 1243 591 1307 Sed
613 1241 653 1318 Q.
675 1243 796 1307 bluoiue
819 1238 979 1308 enucleate
1000 1240 1053 1308 ille
1075 1243 1202 1330 quidem
1225 1252 1257 1311 et
1277 1243 1393 1329 polite,
1415 1251 1453 1310 ut
1473 1243 1607 1320 solebat,

289 1356 486 1424 nequaquam
511 1341 616 1401 antem
643 1355 681 1399 ea
707 1333 740 1401 ri
768 1327 992 1422 atqne'copia,
1030 1358 1124 1424 qnam
1146 1361 1245 1424 genus
1266 1337 1342 1406 illud
1361 1336 1471 1405 iudicii
1492 1345 1524 1404 et
1544 1359 1610 1405 ma-

84 1447 180 1551 Hp*
253 1433 421 1517 segnitudo
450 1450 562 1497 causae
590 1425 792 1514 postulabat}
824 1433 896 1496 116.
930 1433 1090 1499 Habemus
1117 1433 1214 1517 igitur
1240 1435 1273 1499 in
1296 1434 1409 1501 Stoicis
1431 1436 1609 1499 oratoribus

289 1524 458 1604 Rutilium,
494 1529 648 1592 Scaurum
668 1524 701 1589 in
714 1515 872 1613 antiquis:
912 1534 1080 1612 utrumqne
1110 1534 1216 1592 tamen
1244 1526 1427 1606 laudemus,
1461 1529 1608 1615 quoniam

289 1640 347 1709 per
366 1621 437 1688 illos
457 1642 499 1686 ne
519 1622 598 1685 haec
617 1620 744 1707 quidem
765 1621 798 1685 in
819 1621 944 1687 civitate
965 1642 1080 1706 genera
1101 1623 1160 1687 hac
1174 1624 1311 1689 oratoria
1325 1623 1418 1690 laude
1431 1633 1607 1691 caruerunt.

289 1717 371 1782 volo
393 1713 476 1781 enim
483 1761 494 1793 ,
524 1715 613 1780 utin
635 1735 743 1791 scena,
776 1717 822 1781 sic
842 1716 936 1783 etiam
957 1716 991 1781 in
1010 1718 1084 1782 foro
1105 1738 1169 1783 nou
1190 1738 1246 1783 eos
1267 1717 1362 1785 modo
1383 1718 1522 1795 laudari,
1554 1719 1608 1806 qui

292 1809 388 1876 celeri
409 1818 497 1876 motu
518 1816 551 1875 et
571 1807 690 1875 difficili
711 1816 857 1888 utantur,
881 1813 938 1877 sed
959 1831 1014 1877 eos
1037 1812 1147 1890 etiam,
1171 1833 1251 1898 quos
1272 1816 1419 1881 statarios
1439 1811 1606 1901 appellant,

253 1923 425 1993 sequornm
446 1904 486 1973 sit
506 1905 559 1971 illa
580 1906 714 1990 simplex
734 1905 768 1969 in
788 1907 911 1990 agendo
934 1906 1065 1985 veritas,
1090 1927 1154 1975 non
1171 1907 1313 1974 molesta.
1376 1917 1407 1967 4-

373 2001 587 2066 xxx1.117.
622 2001 663 2066 Et
690 1997 840 2084 quoniam
868 2001 1046 2067 Stoicorum
1074 2009 1121 2068 est
1152 2003 1234 2067 facta
1267 2001 1402 2078 mentio,
1435 2004 1476 2081 Q.
1503 2002 1609 2069 Aelius

151 2115 164 2192 ζ
292 2099 419 2162 Tubero
439 2093 575 2162 fritillo
595 2101 755 2180 tempore,
789 2087 826 2160 Ι..
845 2095 945 2161 Paulli
965 2115 1081 2181 nepos,
1116 2095 1203 2162 nullo
1225 2095 1258 2161 in
1279 2104 1442 2162 oratorum
1461 2116 1606 2173 numero,

144 2176 154 2226 t
291 2192 348 2256 sed
368 2192 433 2257 rita
453 2210 583 2256 severus
605 2197 637 2255 et
657 2208 833 2274 congruens
855 2209 926 2255 cunr
947 2210 985 2255 ea
1006 2183 1184 2278 discipline,
1214 2212 1309 2277 quam
1330 2190 1470 2270 colebat;
1504 2191 1609 2278 paullo

292 2286 387 2350 etiam
409 2286 535 2364 durior;
567 2285 621 2371 qni
642 2281 771 2369 quidem
794 2286 828 2349 in
847 2285 1046 2352 triumviratu
1065 2286 1250 2353 iudicaverit
1271 2294 1381 2353 contra
1402 2290 1434 2352 Ρ.
1460 2285 1608 2366 Africani,

178 2381 185 2405 ·’
255 2379 437 2446 ”avunculi
469 2378 537 2457 sui,
574 2379 805 2452 testimoninm,
841 2382 1036 2446 vacationem
1068 2401 1218 2466 augures,
1256 2402 1319 2468 quo
1351 2383 1455 2448 minus
1485 2382 1609 2447 indiciis

167 2454 181 2498 ⁰
292 2467 420 2562 ope‘r'ram
443 2478 570 2552 darent,
598 2493 662 2539 non
683 2475 820 2539 habere:
855 2478 911 2541 sed
932 2484 967 2541 ut
986 2475 1066 2552 vita,
1097 2478 1142 2542 sie
1162 2478 1305 2542 oratione
1327 2478 1440 2550 durus,
1462 2475 1607 2549 incultus,

211 2649 215 2658 ¹
290 2572 450 2636 horridus.
493 2573 603 2656 Itaque
629 2569 804 2634 bonoribus
830 2571 984 2635 maiorum
1004 2569 1197 2657 respondere
1219 2591 1283 2637 non
1303 2573 1422 2657 potuit,
1461 2571 1533 2636 Fuit
1553 2592 1609 2636 au·

292 2673 356 2730 tem
377 2671 524 2731 constans
545 2665 622 2729 civis
644 2671 676 2728 et
694 2660 786 2728 fortis
808 2670 840 2728 et
859 2665 1012 2750 imprimis
1034 2667 1177 2731 Graccho
1197 2665 1361 2740 molestus,
1385 2667 1471 2751 quod
1492 2667 1608 2730 indicat

293 2762 424 2826 Gracchi
451 2761 485 2825 in
517 2778 589 2824 enm
615 2761 729 2823 oratio.
774 2759 853 2824 Sunt
884 2761 978 2825 etiam
1006 2761 1039 2824 in
1068 2762 1242 2825 Gracchum
1270 2757 1456 2826 Tuberonis.
1498 2762 1529 2824 ls
1550 2758 1609 2825 luit

254 2877 282 2920 ee
291 2854 458 2922 mediocris
485 2855 518 2919 in
547 2850 695 2929 dicendo,
728 2854 926 2921 doctissimus
957 2856 990 2920 in
1021 2854 1220 2941 disputando.
1265 2857 1336 2924 118.
1369 2858 1448 2919 Tum
1476 2858 1607 2919 Brutus:

292 2952 393 3028 Quam
423 2954 486 3015 hoe
511 2946 595 3014 idem
622 2949 655 3011 in
683 2949 799 3012 nostris
825 2950 1006 3033 contingere
1035 2951 1194 3036 intelligo,
1228 2953 1313 3036 quod
1335 2950 1369 3015 in
1391 2948 1534 3016 Graecis!
1574 2956 1610 3014 ut

292 3067 401 3111 omnes
421 3043 488 3110 lere
511 3042 606 3110 Stoici
627 3041 861 3126 prudentissimi
882 3045 915 3109 in
937 3047 1120 3113 disserendo
1142 3048 1204 3111 sint
1225 3054 1258 3111 et
1275 3045 1308 3112 id
1321 3052 1388 3110 arte
1403 3042 1520 3110 iaciant
1533 3042 1610 3108 sint-

291 3163 353 3228 que
375 3141 534 3208 architecti
554 3157 654 3225 paene
675 3135 859 3214 verborum,
880 3139 977 3204 iidem
998 3137 1133 3205 traducti
1153 3142 1373 3226 adisputando
1388 3141 1428 3203 ad
1443 3136 1609 3204 dicendum

290 3235 402 3322 inopes
422 3235 632 3323 reperiantur.
676 3233 777 3298 Unum
799 3235 921 3319 excipio
944 3236 1108 3310 Catonem,
1130 3234 1164 3301 in
1184 3255 1247 3322 qno
1260 3232 1486 3322 perfectissimo
1502 3232 1607 3299 Stoico

253 3353 444 3399 cosummam
466 3328 673 3415 eloquentiam
694 3347 760 3391 non
781 3328 976 3403 desiderem,
1011 3350 1105 3414 quam
1127 3331 1271 3415 exiguam
1292 3330 1327 3394 in
1348 3332 1483 3406 Fannio,
1514 3352 1554 3396 ne
1576 3328 1609 3393 in

289 3426 405 3493 Rutilio
437 3423 564 3512 quidem
593 3441 753 3506 magnam,
791 3420 825 3486 in
856 3425 1023 3488 Tuberone
1050 3424 1165 3490 nullam
1188 3426 1287 3491 rideo
1314 3423 1423 3489 brisso.
1470 3427 1540 3489 119.
1567 3427 1609 3487 Et

290 3542 364 3606 ego,
393 3523 481 3597 Non,
512 3520 653 3604 inquam,
683 3519 796 3594 Brute,
820 3515 888 3582 sine
909 3538 1017 3594 causa,
1039 3527 1208 3605 propterea
1229 3517 1315 3604 quod
1335 3519 1469 3584 istorum
1488 3518 1522 3585 iu
1543 3518 1608 3585 dia-

287 3613 406 3682 lecticis
428 3612 530 3679 omnis
552 3632 628 3676 cura
649 3610 861 3688 eonsumitur,
890 3632 1004 3694 vagum
1025 3612 1102 3679 illud
1125 3615 1277 3678 orationis
1299 3621 1330 3677 et
1350 3612 1453 3678 lusum
1476 3622 1508 3679 et
1528 3615 1609 3679 mul-

287 3709 384 3796 tiplex
404 3728 468 3774 non
489 3703 653 3771 adhibetur
675 3724 784 3789 genus.
828 3708 912 3771 Tuus
926 3714 1031 3773 autem
1044 3707 1232 3786 avunculus,
1256 3706 1519 3792 quemadmodum
1534 3709 1606 3784 scis,

250 3802 382 3870 sehabet
402 3823 421 3867 a
443 3803 556 3866 Stoicis
576 3802 625 3877 id,
660 3802 744 3885 quod
775 3797 814 3865 ab
844 3800 905 3866 illis
934 3805 1105 3886 petendum
1133 3801 1209 3882 lnit3
1241 3807 1297 3869 sed
1327 3802 1432 3869 dicere
1461 3802 1608 3869 didicita

287 3898 412 3965 dicendi
433 3895 589 3981 magistris
613 3914 787 3982 eorumque
808 3915 897 3962 more
919 3917 953 3962 se
979 3897 1131 3964 exercuit.
1177 3899 1297 3976 Quodsi
1328 3901 1433 3964 omnia
1459 3919 1478 3963 a
1506 3898 1608 3985 philo-

286 3996 393 4080 sophis
424 3999 528 4058 essent
554 3987 705 4078 petenda,
742 3989 1023 4073 Peripateticorum
1049 3993 1199 4058 institutis
1221 3996 1415 4060 commodius
1435 3991 1607 4079 tingeretur

287 4090 399 4154 oratio.
445 4090 516 4152 120.
549 4087 620 4164 Quo
641 4085 740 4168 magis
763 4092 865 4161 tuum,
899 4089 1010 4163 Brute,
1032 4087 1182 4155 iudicium
1203 4091 1322 4176 probo,
1345 4091 1400 4175 qui
1421 4108 1551 4163 eorum,
1574 4089 1607 4154 id

287 4190 347 4260 est,
370 4204 410 4251 ex
432 4190 538 4249 vetere
558 4181 744 4256 Academia,
773 4179 1033 4267 pbilosophorum
1054 4191 1172 4249 sectam
1193 4191 1317 4250 secutus
1339 4206 1392 4261 es,
1416 4204 1552 4271 quorum
1572 4185 1605 4248 in

251 4279 428 4344 sodoctrina
458 4285 550 4365 atque
576 4273 750 4361 praeceptis
772 4273 944 4342 disserendi
966 4279 1045 4342 ratio
1068 4281 1268 4363 coniungitur
1290 4300 1362 4345 cum
1384 4283 1536 4346 suavitate
1558 4279 1605 4344 di-

286 4370 377 4437 cendi
404 4377 436 4436 et
462 4374 570 4459 copias
604 4389 793 4458 quamquam
822 4391 860 4436 ea
888 4373 957 4458 ipsa
985 4373 1263 4461 Peripateticorum
1283 4374 1606 4462 Academicorumque

285 4468 478 4533 consuetudo
501 4469 535 4531 in
556 4468 677 4532 ratione
698 4467 822 4531 dicendi
843 4467 913 4532 talis
935 4475 1000 4545 est,
1025 4477 1060 4534 ut
1082 4489 1139 4534 nec
1159 4467 1313 4554 perficere
1331 4479 1489 4536 oratorem
1505 4469 1605 4555 possit

284 4562 351 4648 ipsa
378 4583 435 4647 per
464 4584 533 4630 sese
560 4584 621 4628 nec
648 4560 716 4627 sine
745 4583 782 4627 ea
804 4571 912 4629 orator
934 4583 1002 4628 esse
1023 4563 1190 4651 perlectus.
1233 4567 1331 4643 Nam,
1370 4572 1404 4632 nt
1426 4566 1603 4631 Stoicorum

284 4658 464 4725 adstrictior
485 4663 533 4724 est
553 4658 654 4724 oratio
677 4655 901 4746 aliquantoque
922 4661 1129 4738 contractior,
1155 4678 1249 4744 quam
1270 4678 1363 4725 aures
1377 4657 1486 4747 populi
1501 4659 1605 4744 requi·

350 4954 376 5008 ³.
396 4965 455 5005 eom
471 4954 496 5005 lt
513 4958 540 5004 et
555 4952 648 5014 lert,
667 4953 785 5005 nonnullt
804 4967 898 5019 quom,
918 4960 947 5006 ut
965 4954 991 5005 h.
1010 4953 1027 5005 Ι.
1046 4955 1151 5015 scrtpstt
1168 4953 1207 5005 T:
1227 4966 1388 5020 quemquem
1405 4966 1467 5006 cnm
1485 4952 1552 5004 aldo
1572 4951 1602 5002 u.

281 5049 314 5063 -
332 5025 376 5078 19.
396 5024 534 5076 tribunatu
551 5024 721 5085 Schuetrtns,
748 5025 824 5087 proh.
844 5025 987 5078 Ellendtlo.
1019 5047 1045 5060 -
1077 5024 1121 5076 ³8.
1143 5025 1191 5079 Vr.
1211 5027 1312 5088 idest,
1341 5037 1374 5077 eu
1396 5033 1482 5078 vetere
1504 5024 1607 5076 drudes

279 5099 336 5151 ento
352 5095 481 5150 Lambluo
499 5101 622 5159 suspecta
639 5095 807 5150 recluserunt
824 5096 845 5148 u
865 5101 892 5150 et
910 5096 943 5148 Τ.
