3720 5840
701 465 778 530 LIB.
803 463 842 532 11.
885 465 918 530 C.
943 465 992 532 19.
1015 464 1067 530 20.
1091 464 1143 528 2l.
1506 535 1511 547 ,
1542 462 1583 532 25

257 623 413 696 habenda.
458 626 544 710 Ergo
565 623 756 712 amplissima
777 633 825 690 est
846 627 1076 711 argumentatio
1099 625 1369 712 quinquepartita;
1398 620 1584 692 brevissima

259 731 307 788 est
339 723 510 808 tripartita3
537 719 734 797 mediocris,
768 719 889 788 sublata
927 727 981 788 aut
1016 721 1224 788 exornatione
1256 727 1310 788 aut
1345 718 1582 806 complexione,

258 815 494 906 quadripartita.

343 915 415 978 XX.
445 915 497 976 31.
541 913 612 974 Duo
644 931 759 994 genera
789 918 862 976 sunt
895 910 1079 978 vitiosarum
1110 865 1433 996 argumentationum.
1466 929 1652 999 ungamus

259 1006 344 1096 quod
358 1005 397 1072 ab
412 1005 589 1072 adversario
606 1005 795 1092 reprehendi
808 1015 927 1092 potest
951 1009 1044 1095 idque
1066 1007 1204 1090 pertinet
1217 1005 1256 1070 ad
1275 1027 1417 1072 causam:
1439 1005 1617 1086 alterumn
1643 1011 1657 1050 -t

258 1107 344 1191 quod
363 1103 485 1168 tametsi
505 1103 705 1186 nugatorium
727 1109 789 1179 est,
821 1109 925 1166 tamen
951 1122 1015 1168 non
1041 1102 1161 1186 indiget
1186 1103 1447 1186 reprehensione.
1494 1104 1582 1180 Quae

258 1201 335 1271 sint,
358 1219 437 1286 quae
460 1196 708 1281 reprehensione
729 1194 882 1262 confutari
901 1200 1080 1270 conveniat,
1104 1219 1184 1284 quae
1200 1199 1293 1262 tacite
1314 1199 1472 1262 contemni
1487 1205 1581 1283 atque

256 1297 348 1360 vitari
368 1295 434 1359 siue
462 1290 727 1378 reprehensione,
763 1294 823 1356 nisi
853 1292 996 1380 exempla
1022 1291 1203 1366 subiecere,
1239 1292 1414 1374 intelligere
1445 1291 1581 1359 dilucide

256 1411 322 1454 non
342 1389 472 1474 poteris.
518 1388 603 1451 Haec
622 1387 760 1470 cognitio
786 1388 968 1452 vitiosarum
986 1389 1293 1472 argumentationum
1316 1385 1471 1472 duplicem
1497 1386 1582 1450 utili-

257 1493 352 1549 tatem
374 1481 495 1548 alferet.
540 1485 615 1546 Nam
638 1489 670 1544 et
690 1484 787 1546 vitare
808 1484 841 1545 in
863 1485 1132 1566 argumentatione
1155 1483 1266 1548 vitium
1283 1479 1465 1548 admonebit
1487 1488 1519 1546 et
1542 1479 1619 1546 abso

256 1577 323 1644 aliis
344 1597 409 1643 nou
429 1577 561 1642 vitatum
577 1575 742 1641 commode
760 1575 994 1662 reprehendere
1011 1575 1148 1641 docebit.
1195 1577 1351 1654 Quoniam
1366 1577 1462 1662 igitur
1477 1584 1584 1642 osten·

256 1675 358 1738 dimus
382 1669 556 1758 perfectam
582 1679 614 1734 et
635 1672 758 1756 plenam
783 1673 1085 1756 argumentationem
1113 1692 1154 1737 ex
1176 1674 1314 1757 quinque
1341 1675 1483 1756 partibus
1508 1695 1584 1737 con-

256 1777 352 1841 stare,
374 1767 408 1828 in
427 1785 489 1829 una
511 1787 635 1852 quaque
656 1775 745 1852 parte
767 1769 1046 1850 argumentationis
1061 1787 1142 1852 quae
1164 1768 1238 1830 vitia
1258 1765 1383 1831 vitanda
1406 1766 1484 1844 sint,
1508 1789 1584 1831 con-

255 1861 445 1936 sideremus,
470 1869 503 1926 ut
525 1869 555 1924 et
575 1861 635 1945 ipsi
657 1857 697 1924 ab
714 1863 764 1925 his
782 1863 866 1928 vitiis
893 1866 1041 1927 recedere
1058 1868 1089 1924 et
1114 1859 1366 1926 adversariorum
1385 1869 1585 1945 argumenta·

255 1959 358 2020 tiones
380 1955 440 2017 hac
458 1953 681 2039 praeceptione
700 1957 732 2020 in
760 1954 905 2021 omnibus
930 1959 1070 2043 partibus
1100 1963 1220 2021 tentare
1248 1963 1280 2020 et
1305 1955 1343 2021 ab
1370 1957 1474 2044 aliqua
1494 1967 1582 2043 parte
1593 1970 1621 2012 1⁵

256 2051 446 2116 labefactare
468 2052 635 2134 possimus.
681 2053 732 2114 32.
756 2051 921 2136 Expositio
952 2053 1066 2115 vitiosa
1095 2059 1157 2126 est,
1194 2073 1265 2114 cum
1296 2053 1336 2114 ab
1360 2053 1468 2138 aliqua
1488 2059 1584 2116 auta

255 2147 376 2210 maiore
397 2152 485 2229 parte
508 2145 547 2206 ad
570 2165 679 2208 omnes
701 2147 863 2211 confertur
883 2149 933 2223 id,
969 2148 1054 2232 quod
1076 2167 1141 2210 non
1162 2148 1341 2210 necessario
1364 2155 1413 2212 est
1435 2149 1582 2210 omnibus

256 2245 457 2315 attributum3
492 2245 527 2301 ut
548 2239 574 2301 si
598 2241 667 2322 quis
689 2240 752 2303 hoc
773 2243 870 2304 modo
894 2249 1046 2327 exponat:
1086 2243 1222 2317 Omnes,
1256 2243 1310 2328 qui
1338 2243 1370 2306 in
1398 2249 1582 2328 paupertate

255 2343 346 2410 sunt,
383 2334 503 2397 malunt
533 2333 688 2404 maleficio
717 2353 830 2418 parare
857 2337 980 2400 divitias
1004 2357 1097 2421 quam
1121 2336 1226 2398 officio
1248 2345 1465 2421 paupertatem
1487 2337 1580 2400 tueri.

256 2435 288 2496 Si
310 2431 380 2517 quis
401 2430 463 2493 hoc
485 2431 580 2494 modo
604 2433 786 2515 exposuerit
807 2433 1129 2514 argumentationem,
1161 2436 1282 2492 utnon
1305 2419 1620 2516 curetsquaerere,²⁰

254 2528 355 2617 qualis
376 2526 456 2589 ratio
479 2533 533 2588 aut
553 2526 684 2589 rationis
706 2523 902 2590 confirmatio
925 2519 1015 2622 sit)
1007 2544 1106 2633 ipsam
1120 2525 1212 2587 facile
1236 2525 1505 2609 reprehendemus
1527 2546 1583 2588 ex·
1659 2576 1680 2592 .
1688 2524 1719 2624 p

253 2623 462 2734 positionem,
486 2639 557 2682 cum
580 2621 800 2695 ostendemus,
831 2621 883 2695 id,
912 2610 1027 2706 quod
1018 2640 1051 2681 rn
1071 2620 1176 2705 aliquo
1199 2638 1337 2704 paupere
1360 2620 1506 2705 improbo
1529 2621 1580 2694 sit,

254 2719 287 2783 in
309 2737 419 2780 omnes
441 2733 595 2800 pauperes
617 2709 695 2777 falso
720 2716 780 2778 et
772 2715 887 2778 iniuria
909 2714 1057 2778 conferri.
1104 2716 1155 2776 33.
1188 2716 1267 2777 Item
1288 2715 1403 2779 uitiosa
1425 2715 1581 2800 expositio

255 2819 320 2888 est,
355 2833 426 2874 cum
449 2812 500 2883 id,
535 2811 620 2894 quod
641 2829 712 2872 raro
735 2807 785 2884 frt,
819 2807 888 2873 fieri
911 2810 1040 2873 omnino
1063 2815 1211 2892 negatur,
1241 2809 1303 2872 hoc
1325 2811 1441 2873 modo:
1480 2811 1580 2873 Nemo

254 2912 357 2992 potest
383 2925 447 2968 uno
476 2909 605 2988 aspectu
633 2923 736 2988 neque
768 2905 961 2990 praeteriens
991 2907 1024 2968 in
1046 2924 1187 2967 amorem
1209 2905 1360 2968 incidere.
1406 2907 1485 2968 Nam
1510 2915 1618 2968 oum²⁵

254 3020 413 3066 nonnemo
436 2998 599 3063 devenerit
619 2998 653 3059 in
675 3019 816 3061 amorem
838 3019 901 3062 uno
917 3005 1061 3083 aspectu,
1085 3006 1117 3062 at
1139 3020 1210 3062 cum
1233 3000 1287 3063 ille
1308 3001 1468 3065 neminem
1493 3000 1582 3064 dixe-

253 3098 295 3160 rit
317 3094 464 3167 omnino,
487 3093 566 3154 nibil
588 3092 686 3155 refert
708 3113 779 3155 raro
801 3095 833 3156 id
856 3089 939 3168 lieri,
963 3095 1134 3156 dummodo
1150 3095 1319 3178 aliquando
1335 3091 1403 3157 fieri
1419 3101 1473 3157 aut
1488 3113 1581 3179 posse

253 3187 322 3254 fieri
342 3189 545 3270 intelligatur.
589 3186 676 3249 XXI.
702 3188 780 3250 Item
802 3189 917 3252 uitiosa
932 3187 1087 3272 expositio
1105 3195 1169 3262 est,
1194 3209 1265 3252 curu
1281 3209 1391 3252 omues
1407 3209 1458 3251 res
1475 3196 1582 3252 osten-

254 3286 357 3349 dimus
385 3303 444 3344 nos
474 3281 639 3364 collegisse
667 3288 698 3345 ct
719 3283 857 3368 aliquam
879 3304 946 3346 rem
970 3283 1117 3345 idoneam
1140 3283 1364 3366 praeterimus,
1389 3284 1450 3345 hoc
1466 3284 1578 3345 modo:

254 3379 410 3456 Quoniam
432 3377 527 3459 igitur
549 3376 710 3439 hominem
733 3377 872 3439 occisum
893 3382 1017 3440 constat
1038 3397 1123 3450 esse,
1155 3397 1285 3440 necesse
1308 3385 1357 3440 est
1377 3385 1431 3440 aut
1451 3398 1469 3440 a
1491 3387 1619 3462 prae-³⁰

253 3473 390 3536 donibus
423 3478 477 3533 aut
505 3471 544 3533 ab
574 3470 709 3532 inimicis
743 3470 883 3534 occisum
906 3492 974 3534 esse
997 3479 1051 3533 aut
1072 3473 1128 3532 abs
1150 3479 1199 3545 te,
1237 3491 1330 3555 quem
1353 3473 1407 3536 ille
1429 3472 1581 3536 heredem

253 3570 440 3631 testamento
463 3587 503 3628 ex
524 3571 613 3649 parte
635 3559 780 3627 faciebat.
827 3567 1006 3628 Praedones
1028 3565 1060 3626 in
1078 3565 1133 3627 illo
1150 3564 1221 3626 loco
1236 3565 1295 3628 visi
1311 3586 1468 3650 nunquam
1489 3573 1580 3643 sunt3

252 3663 414 3724 inimicum
438 3659 560 3721 nullum
581 3660 732 3722 habebat.
777 3659 992 3742 Relinquitur,
1031 3659 1057 3721 si
1079 3679 1181 3742 neque
1203 3679 1221 3721 a
1242 3661 1457 3743 praedonibus
1478 3681 1581 3746 neque

252 3759 292 3820 ab
315 3755 449 3818 inimicis
473 3755 595 3820 occisus
619 3760 682 3828 est,
707 3753 856 3838 quoniam
878 3754 968 3816 alteri
992 3760 1183 3828 nonerunt,
1208 3755 1324 3816 alteros
1347 3775 1411 3817 non
1429 3756 1579 3830 habebat,

252 3859 288 3914 ut
308 3851 364 3914 abs
386 3857 417 3912 te
440 3849 480 3911 sit
501 3848 717 3933 interemptus.
763 3851 842 3910 Nam
863 3849 897 3911 in
918 3849 1136 3911 huiuscemodi
1159 3850 1375 3934 expositione,
1410 3851 1581 3934 reprehen·
1591 3861 1617 3903 ³⁵

253 3947 341 4009 sione
363 3950 504 4014 utemur,
536 3944 561 4005 si
584 3962 664 4027 quos
684 3949 867 4028 praeterea,
902 3962 995 4027 quam
1017 3943 1071 4005 ille
1094 3944 1224 4017 dixerit,
1259 3944 1398 4028 potuisse
1421 3944 1580 4028 suscipere

253 4035 441 4102 maleficium
471 4038 718 4114 ostenderimus;
756 4037 878 4101 uelut
869 4058 901 4098 rn
930 4037 992 4098 hoc
1020 4037 1185 4120 exemplo,
1221 4058 1292 4099 cum
1315 4039 1431 4100 dixerit
1451 4058 1580 4101 necesse

253 4155 321 4197 esse
344 4139 398 4196 aut
419 4153 435 4195 a
457 4132 669 4218 praedonibus
691 4139 744 4194 aut
764 4132 835 4194 ab
825 4131 960 4193 mimicis
983 4138 1036 4194 aut
1057 4152 1076 4194 a
1096 4131 1189 4193 nobis
1212 4133 1351 4194 occisum
1373 4152 1460 4206 esse,
1495 4133 1581 4195 dice-

142 4218 146 4230 ’
252 4249 322 4291 mars
351 4228 491 4313 potuisse
520 4229 571 4290 rel
598 4227 756 4290 afumilia
777 4227 828 4289 vel
851 4247 870 4289 a
891 4227 1102 4289 coheredibus
1123 4225 1250 4288 nostris.
1297 4227 1374 4288 Cum
1397 4226 1460 4288 hoc
1482 4229 1578 4288 modo
1653 4217 1721 4318 j<

252 4325 379 4386 illorum
401 4312 623 4386 collectionem
645 4321 943 4395 disturbaverimus,
981 4321 1074 4383 nobis
1095 4321 1240 4383 latiorem
1262 4321 1368 4384 locum
1390 4320 1618 4384 defendenditn

252 4419 477 4503 relinquemus.
521 4419 606 4501 Ergo
629 4419 692 4480 hoc
714 4437 840 4503 quoque
857 4417 1017 4480 vitandum
1033 4415 1103 4479 est
1095 4436 1127 4478 m
1143 4415 1359 4500 expositione,
1383 4435 1423 4479 ne
1439 4417 1578 4499 quando,

321 4648 348 4696 1.
368 4648 579 4710 quinquepertito
597 4671 608 4681 ·
627 4670 639 4680 ·
660 4648 798 4708 tripertito
815 4672 827 4682 ·
843 4673 854 4685 ·
871 4649 1066 4712 quadripertita
1084 4646 1137 4697 PT.
1155 4669 1182 4682 -
1201 4647 1227 4698 5.
1247 4645 1276 4694 s'd
1294 4647 1364 4711 qnod
1381 4647 1479 4696 PABF.
1502 4673 1528 4684 -
1551 4648 1579 4699 d.

252 4718 453 4781 reprehensione
473 4717 575 4766 PFRT:
601 4717 810 4780 reprehensionis
829 4719 883 4768 BE.
905 4744 935 4755 -
961 4719 987 4768 8.
1007 4717 1150 4779 exemplum
1168 4718 1265 4768 PABF.
1285 4743 1316 4752 -
1337 4717 1379 4769 13.
1399 4712 1462 4768 su'nt
1481 4717 1578 4768 PFRT.

251 4813 283 4824 -
303 4789 347 4837 2⁰.
376 4790 421 4851 qus·
449 4786 546 4836 PABF.
578 4811 607 4822 -
640 4800 759 4836 curesnus
783 4787 857 4838 PAF.
886 4813 916 4824 -
947 4789 991 4838 28.
1019 4789 1181 4838 ostendemus
1206 4788 1304 4840 Pars.
1334 4814 1361 4826 -
1395 4788 1440 4838 32.
1464 4789 1580 4848 sisciebat

250 4858 401 4909 usuras:
422 4855 521 4919 [ecerat
534 4857 563 4908 u.
579 4884 609 4895 -
629 4859 658 4907 tn
669 4859 716 4907 itte
729 4857 855 4908 Pauus:
875 4859 921 4909 illo
933 4859 989 4908 RE.
1008 4880 1029 4892 -
1055 4861 1105 4908 uisi
1122 4873 1257 4924 uunquam
1270 4866 1331 4909 sunt
1344 4857 1424 4909 arr:
1443 4873 1581 4920 nunquam

249 4935 311 4979 sunt
323 4931 374 4980 utet
386 4929 424 4988 Ε,
446 4941 582 4993 nunquam
594 4935 655 4978 sunt
667 4925 774 4988 (omisso
787 4929 849 4991 uisi)
863 4929 900 4988 Α,
919 4931 970 4978 uisi
981 4942 1111 4991 nusquam
1122 4936 1184 4978 sunt
1197 4930 1234 4990 B,
1252 4933 1376 4980 visisunt
1393 4945 1530 4994 nusquam
1544 4932 1577 4982 11.

253 5023 281 5036 ···
303 4999 347 5049 34.
366 4996 503 5064 quonium]
524 4999 694 5062 quassus,
713 4999 744 5049 1..
773 5025 804 5036 -
833 4998 877 5048 aa.
894 5005 1035 5060 praeterea
1052 5014 1131 5062 quom
1149 5001 1224 5050 Voss.
1246 5013 1319 5060 see,
1349 5012 1389 5061 pr.
1409 5001 1485 5051 Letd.
1504 5014 1577 5052 sec.=

249 5077 357 5136 praeter
375 5083 501 5136 eosquos
519 5069 579 5126 PE,
596 5077 709 5132 praeter
728 5084 770 5121 eos
788 5085 868 5136 quom
884 5071 992 5132 AFRT,
1009 5077 1148 5132 praetereo
1166 5083 1245 5134 quom
1260 5085 1324 5135 quos
1336 5071 1368 5119 B.
1386 5093 1414 5105 -
1434 5070 1479 5120 37.
1493 5080 1578 5124 osten-

250 5144 338 5194 demus
357 5141 417 5206 BR,
437 5143 468 5193 L.
490 5167 521 5179 -
540 5139 586 5192 ll.
607 5139 654 5193 Vr.
673 5141 746 5209 Ergo
759 5166 793 5179 ·-
810 5143 991 5209 reliquerimus
1009 5141 1105 5194 absunt
1123 5156 1137 5195 e
1157 5141 1222 5193 Cod.
1237 5141 1335 5204 Corstl;
1355 5140 1408 5194 del.
1422 5141 1485 5194 seu.
