3720 5840
685 447 763 512 Lm.
787 445 813 510 1.
859 445 895 511 O.
921 446 972 516 tt.
996 447 1047 514 15.
1073 446 1123 512 16.
1535 449 1572 518 st

243 607 298 698 qui
320 611 359 676 de
381 627 421 676 eo
442 629 552 686 servo,
574 607 629 696 qui
650 605 811 675 dominum
833 606 1007 690 occiderat,
1029 605 1217 692 supplicium
1238 605 1387 692 sumpsit,
1410 605 1462 674 cui
1475 605 1575 676 freter

244 711 341 781 esset,
376 715 542 794 antequam
570 704 691 772 tabrrles
718 701 896 770 testamenti
925 701 1064 790 speruit,
1097 723 1168 768 cum
1194 705 1220 768 is
1249 724 1359 770 servus
1389 711 1573 772 testamento

243 799 451 868 manumissus
473 810 572 882 esset;
596 802 874 874 necessitudinem,
897 807 932 865 ut
952 798 1023 874 ille,
1057 797 1111 885 qui
1133 798 1171 864 ad
1194 797 1275 864 diem
1298 806 1489 866 commeatus
1509 819 1574 866 non

243 895 344 970 venit,
366 895 451 982 quod
473 917 546 962 eum
568 915 666 978 aquus
688 893 943 964 interclusissent.
986 893 1171 978 Deprecatio
1194 902 1256 968 est,
1279 915 1354 962 cum
1375 901 1407 960 et
1427 913 1573 977 peccasse

243 1011 278 1060 sc
300 996 332 1057 et
352 990 495 1058 consulto
517 989 628 1056 fecisse
653 989 749 1075 [reus]
773 987 955 1063 confitetur,
989 996 1020 1054 et
1041 999 1146 1056 mmen
1167 989 1319 1072 postulat,
1352 1000 1387 1057 ut
1409 989 1457 1055 sui
1479 989 1596 1056 mise-s

243 1093 381 1151 reantur.
423 1087 493 1150 llee
513 1085 546 1150 in
568 1084 684 1152 iudicio
706 1105 771 1150 non
792 1081 860 1150 fere
882 1091 985 1168 potest
1005 1104 1065 1152 usu
1093 1088 1218 1160 venire,
1251 1085 1327 1158 nisi,
1363 1083 1488 1171 quando
1510 1105 1571 1168 pro

243 1201 283 1245 eo
305 1178 452 1254 dicimus,
475 1183 563 1244 cuius
585 1179 680 1244 multa
701 1188 788 1244 recte
808 1177 888 1244 facts
911 1185 1047 1252 exstant,
1070 1181 1130 1244 hoc
1152 1177 1247 1245 modu
1268 1178 1300 1243 in
1322 1177 1394 1246 loco
1411 1177 1572 1246 communi

242 1295 302 1359 per
322 1272 593 1356 amplificationem
616 1273 808 1340 inliciemus:
845 1272 965 1352 Quodsi
986 1276 1047 1338 hoc
1069 1271 1207 1348 fecisset,
1239 1281 1343 1340 tamen
1372 1278 1401 1338 ci
1424 1293 1485 1356 pro
1506 1271 1572 1358 pri-

243 1367 331 1434 stinis
352 1367 511 1434 beneficiis
531 1368 651 1452 ignosci
673 1368 873 1446 conveniret;
910 1390 1021 1434 rerum
1047 1369 1124 1433 nihil
1148 1369 1285 1454 postulat
1306 1369 1440 1452 ignosci.
1484 1370 1569 1454 Ergo

242 1463 274 1528 iu
296 1462 446 1528 iudicium
468 1483 531 1528 non
554 1463 653 1540 venit;
675 1471 708 1526 at
728 1463 760 1526 in
781 1472 923 1528 senatum
946 1471 1000 1528 aut
1021 1473 1092 1528 ante
1114 1463 1337 1549 imperatorem
1361 1471 1391 1528 et
1413 1461 1445 1527 in
1466 1462 1569 1530 oonsi-
1582 1485 1610 1530 ss

241 1556 319 1622 lium
341 1555 409 1622 tulis
431 1576 524 1622 causa
545 1565 649 1643 potest
670 1555 789 1622 venire.
831 1559 898 1622 XV.
921 1561 973 1622 25.
1009 1560 1057 1622 Ex
1085 1556 1286 1622 translatione
1315 1554 1455 1622 criminis
1477 1576 1570 1626 ceusu

242 1659 377 1726 constat,
415 1671 485 1716 curu
518 1649 629 1716 fecisse
658 1671 717 1716 nos
746 1671 808 1716 non
837 1672 1005 1736 negamus,
1039 1650 1095 1718 sed
1123 1651 1258 1717 aliorum
1288 1650 1423 1737 peccetis
1445 1661 1570 1719 coactos

241 1744 352 1810 fecisse
374 1745 520 1812 dicimus:
545 1754 579 1812 ut
600 1747 730 1812 Orestes
751 1766 823 1812 eum
847 1767 880 1811 sc
902 1745 1056 1821 defendit,
1079 1746 1113 1812 in
1135 1755 1268 1810 matrem
1290 1744 1413 1812 confert
1434 1745 1568 1814 crimen.

241 1843 289 1906 Ex
311 1845 487 1906 remotione
511 1839 649 1906 criminis
671 1862 763 1906 cansa
785 1850 921 1915 constat,
944 1861 1014 1907 curn
1036 1863 1055 1906 a
1077 1839 1167 1906 nobis
1189 1862 1254 1908 non
1275 1841 1408 1914 crimen,
1431 1845 1486 1906 scd
1506 1841 1570 1907 cul-

241 1956 314 2018 pam
336 1934 436 2021 ipsum
458 1955 638 2001 amovemus
660 1946 692 2001 et
713 1934 764 2000 rel
785 1934 817 2000 in
841 1936 1001 2002 hominem
1024 1935 1240 2001 transferimus
1255 1937 1306 2000 vel
1328 1934 1444 2002 iurem
1460 1957 1607 2024 quum-rs

241 2028 324 2112 piam
346 2027 546 2094 conferimus.
590 2032 626 2096 ln
648 2028 808 2096 hominem
829 2029 1034 2106 transfertur,
1072 2038 1107 2096 ut
1135 2030 1162 2095 si
1192 2039 1355 2096 accusetur
1377 2029 1422 2105 is,
1458 2030 1513 2118 qui
1534 2034 1569 2102 P,

242 2122 412 2208 Sulpicium
434 2121 624 2189 refutentur
646 2127 817 2202 occidisse,
852 2134 884 2191 et
905 2127 937 2190 id
960 2127 1047 2190 iussu
1081 2127 1244 2190 consulum
1280 2126 1429 2191 defendat
1460 2134 1492 2192 ct
1514 2147 1569 2193 eos

241 2219 325 2283 dicat
345 2237 410 2281 non
432 2220 529 2283 modo
552 2220 743 2303 imperasse,
778 2223 834 2286 sed
856 2222 1010 2286 rationem
1034 2240 1159 2307 quoque
1183 2223 1376 2297 ostendisse,
1415 2243 1513 2306 quare
1536 2224 1568 2287 id

240 2312 345 2378 facere
367 2315 487 2379 liceret.
532 2318 568 2380 ln
589 2336 657 2380 rem
680 2313 857 2390 confertur,
880 2324 915 2380 ut
935 2315 963 2380 si
986 2314 1071 2400 quis,
1095 2337 1135 2381 cx
1157 2322 1342 2380 testamento
1365 2314 1450 2401 quod
1464 2312 1569 2381 facero

240 2407 343 2473 iussus
363 2407 420 2484 sit,
452 2429 493 2474 ex
514 2408 679 2495 plebiscito
701 2419 833 2475 vetetur.
877 2413 925 2476 Ex
947 2409 1180 2494 comparatione
1202 2430 1295 2476 causa
1322 2417 1458 2484 constat,
1492 2430 1605 2476 cumsu

240 2499 372 2566 dicimus
395 2522 524 2568 neccsse
547 2502 643 2570 fuisse
666 2503 848 2570 alterutrum
872 2503 990 2578 facere,
1021 2512 1051 2567 et
1072 2503 1121 2576 id,
1151 2501 1236 2589 quod
1258 2502 1442 2577 fecerimus,
1472 2502 1568 2570 satius

239 2593 336 2659 fuisse
357 2594 473 2661 facere.
520 2601 563 2662 Ea
586 2618 678 2663 causa
699 2596 879 2663 huiusmodi
903 2609 964 2664 est:
991 2599 1022 2662 C.
1043 2596 1212 2680 Popillius,
1236 2616 1345 2662 cuma
1367 2596 1462 2662 Gallis
1484 2595 1569 2662 obsi·

240 2687 369 2754 deretur
399 2711 503 2778 neque
532 2689 673 2776 effugere
703 2693 766 2756 ullo
797 2690 893 2758 modo
921 2701 1044 2776 posset,
1075 2692 1162 2757 venit
1183 2713 1254 2758 cum
1276 2692 1414 2758 hostium
1437 2691 1568 2758 ducibus

239 2785 272 2852 in
295 2785 554 2864 collocutionem3
583 2785 627 2850 ita
654 2785 813 2861 discessit,
847 2795 881 2851 ut
908 2785 1130 2871 impedimenta
1152 2786 1359 2873 relinqueret,
1393 2786 1567 2852 exercitum

239 2881 396 2948 educeret.
440 2881 542 2946 Satius
574 2902 643 2946 csse
678 2880 768 2946 duxit
807 2879 949 2944 amittere
984 2879 1205 2966 impedimenta
1241 2902 1336 2967 quam
1371 2880 1604 2961 exercitum32s

241 2976 417 3043 exercitum
433 2974 553 3048 eduxit,
569 2974 790 3061 impedimenta
807 2973 951 3061 reliquit:
975 2973 1143 3040 arcessitur
1157 2973 1335 3040 maiestatis.
1380 2977 1463 3042 XVI.
1476 2975 1566 3053 Quae

240 3070 478 3136 constitutiones
516 3079 547 3135 et
579 3092 658 3156 quae
691 3070 945 3136 constitutionum
978 3079 1082 3156 portes
1120 3070 1197 3144 siut,
1234 3069 1344 3136 videor
1382 3070 1565 3138 ostendisse.

239 3169 328 3232 Nunc
352 3187 416 3253 quo
438 3163 534 3230 modo
557 3186 610 3231 eas
632 3174 663 3231 et
684 3186 746 3252 qua
767 3166 817 3230 via
840 3164 967 3230 tractari
989 3164 1169 3236 conveniat.
1198 3163 1474 3231 demonstrandum
1497 3174 1564 3242 est,

238 3261 266 3327 si
286 3260 376 3344 prius
397 3259 630 3345 aperuerimus,
653 3259 730 3346 quid
752 3269 895 3346 oporteat
916 3264 954 3326 ab
976 3258 1131 3326 ambobus
1153 3259 1185 3325 iu
1201 3281 1294 3326 causa
1314 3258 1478 3336 destinari,
1501 3281 1565 3348 quo

238 3355 319 3422 ratio
341 3354 441 3420 omnis
465 3354 560 3419 totius
583 3354 737 3422 orationis
759 3353 949 3422 conferatur.
1575 3377 1603 3418 ss

322 3453 373 3515 26.
418 3449 644 3515 Constitutione
665 3451 762 3534 igitur
783 3459 925 3536 reperte,
949 3451 1051 3516 statim
1073 3448 1252 3536 quaerenda
1274 3457 1321 3516 est
1339 3450 1431 3516 ratio.
1475 3450 1565 3516 flutio

238 3553 300 3620 est,
334 3563 413 3632 quae
436 3563 559 3608 causam
581 3542 656 3607 facit
677 3554 708 3610 et
729 3544 867 3609 continet
888 3541 1119 3618 defensionem,
1151 3547 1211 3609 hoc
1234 3543 1347 3619 modo,
1374 3552 1408 3609 ut
1431 3541 1564 3609 docendi

239 3659 332 3704 causa
354 3638 386 3702 in
407 3641 466 3703 hac
487 3637 683 3723 potissimum
706 3660 798 3704 causa
821 3638 1042 3704 consistamus:
1066 3640 1210 3714 Orestes,
1233 3660 1304 3704 cum
1327 3636 1512 3704 confiteatur
1528 3659 1563 3704 se

238 3731 391 3800 occidisse
412 3741 561 3808 matrem,
588 3730 649 3798 nisi
670 3733 807 3798 attulerit
829 3732 902 3797 facti
923 3733 1093 3806 rationem,
1123 3733 1312 3818 perverterit
1334 3731 1561 3798 defensionem.

237 3831 322 3912 Ergo
344 3825 434 3892 offert
456 3846 541 3900 eam,
580 3847 660 3914 quae
687 3828 747 3894 nisi
774 3826 995 3903 intercederet,
1027 3847 1068 3892 ne
1094 3847 1187 3890 eausa
1215 3825 1342 3912 quidem
1373 3837 1464 3893 esset.
1508 3828 1600 3893 lllass

238 3922 337 3999 enim,
369 3919 484 4006 inquit,
518 3928 637 4006 patrem
665 3942 772 3988 meum
800 3920 966 3988 occiderat.
1009 3924 1094 4005 Ergo
1117 3920 1161 4004 (ut
1183 3920 1315 3998 ostendi)
1337 3923 1418 3988 ratio
1440 3943 1477 4008 ep
1499 3932 1561 3998 est,

239 4038 319 4104 quae
341 4016 479 4086 continet
499 4013 730 4096 defensionem,
765 4015 833 4081 sine
863 4037 924 4102 qua
954 4037 995 4081 ne
1018 4035 1113 4102 parve
1135 4014 1262 4101 quidem
1285 4011 1437 4082 dubitatio
1459 4025 1563 4102 potest

304 4279 329 4330 1.
349 4281 496 4342 omidsrot,
516 4284 560 4333 cot
577 4281 662 4345 freter
679 4291 764 4341 esset,
783 4284 943 4348 suppttctosrs
959 4287 1068 4346 sssmpss't
1087 4282 1178 4334 lumb.
1200 4283 1275 4343 Solu,
1296 4283 1421 4344 ldernque
1441 4282 1562 4344 plseebst

237 4346 369 4400 llrnestto.
391 4377 420 4389 -
450 4353 476 4402 2.
497 4357 639 4415 operuisset
658 4369 725 4405 unus
745 4355 853 4418 Gryphlt
874 4364 900 4407 et
920 4355 1075 4414 Gotlssnus,
1101 4355 1163 4405 Seli.
1186 4380 1217 4390 -
1248 4359 1402 4405 testamento
1420 4357 1563 4406 manumis-

235 4430 280 4468 sus
298 4419 429 4472 Pll'ltT:
446 4425 625 4474 manumissus
644 4430 798 4477 testamento
818 4425 873 4476 llll.
889 4453 919 4463 -
940 4427 966 4477 5.
986 4439 1046 4476 rsus
1064 4439 1116 4476 orn.
1133 4423 1255 4475 runnu.
1281 4424 1335 4475 Nos
1348 4424 1514 4476 seclustmus.
1531 4451 1561 4464 -

236 4488 263 4536 3.
291 4505 346 4541 sscn
368 4493 423 4557 sere
447 4503 534 4555 petsst
561 4495 652 4546 AFltT
678 4506 705 4547 et
729 4510 796 4547 corr.
824 4499 857 4547 uls
876 4501 984 4559 snttqus
1012 4512 1047 4545 sn.
1067 4496 1105 4556 P,
1139 4499 1182 4560 qul
1203 4509 1243 4557 pr.
1264 4507 1316 4545 orn.
1336 4507 1409 4553 nors,
1437 4501 1501 4547 ltern
1522 4498 1560 4547 ts

235 4558 288 4622 {ers
305 4575 359 4612 nors
374 4570 460 4625 potest
479 4565 519 4624 ll,
547 4579 603 4615 noo
617 4572 703 4629 potest
722 4570 776 4627 [ers
793 4566 826 4617 B.
847 4593 876 4603 -
903 4570 1005 4618 suestre
1023 4567 1080 4618 BT.
1101 4592 1133 4603 -
1158 4567 1186 4617 7.
1205 4571 1313 4617 exstent
1331 4565 1417 4616 Pur:
1437 4574 1563 4619 constant

235 4629 334 4681 sure.
354 4629 469 4693 (exstans
486 4640 555 4687 recte
572 4635 647 4698 {octo
663 4637 748 4687 mutto
767 4650 806 4697 pr.
827 4637 865 4695 T,
896 4645 963 4688 rscts
981 4637 1053 4698 foetu
1070 4638 1158 4687 multa
1175 4642 1282 4688 wstont
1302 4649 1369 4686 corr.
1390 4633 1434 4700 T.)
1455 4663 1485 4674 -
1518 4641 1561 4689 10.

234 4703 265 4750 tn
282 4710 343 4753 ente
361 4705 499 4754 cumdium
517 4720 568 4758 orn.
590 4707 666 4757 AFT.
685 4731 716 4743 -
737 4707 779 4759 1³.
800 4711 933 4773 censerem
946 4707 1000 4757 PT.
1016 4736 1046 4747 -
1070 4709 1112 4758 te.
1133 4714 1275 4758 occuratur
1288 4707 1371 4768 PBT,
1392 4715 1563 4760 accusaretur

234 4771 313 4822 Asu.
334 4775 429 4824 -l'1.
450 4774 567 4836 defendit
584 4777 616 4828 u.
637 4803 668 4814 -
695 4777 739 4827 2³.
759 4777 849 4841 supere
866 4778 1014 4828 PAltl'llT.
1039 4803 1068 4814 -
1097 4779 1138 4828 33.
1157 4784 1187 4828 ut
1205 4779 1389 4841 impedimenta
1406 4778 1560 4832 Psnrurz

234 4848 283 4903 ut,
302 4844 326 4892 ss·
341 4846 528 4906 impedimenta
547 4859 606 4896 eum
627 4847 735 4910 Gryphlt
753 4862 807 4898 unu
827 4857 853 4898 et
870 4849 946 4899 Letd.
966 4861 1019 4898 see.
1040 4849 1071 4900 ll.
1107 4851 1225 4900 Alterum
1241 4849 1383 4900 elficsclus.
1409 4875 1444 4885 -
1461 4850 1505 4901 26·
1519 4865 1563 4902 oc·

234 4915 346 4965 csrsttsu
364 4915 439 4966 PFT.
462 4943 492 4953 -
521 4915 564 4966 31.
585 4919 634 4969 Vr.
652 4919 732 4969 flesse
751 4927 788 4969 est
807 4933 860 4968 ons.
881 4918 1009 4980 l'AltllT,
1030 4929 1115 4971 serres
1127 4921 1156 4969 F.
1173 4946 1204 4956 -
1235 4920 1279 4969 33.
1298 4920 1330 4970 V.
1355 4933 1438 4970 consu
1455 4929 1516 4973 suto
1535 4936 1560 4972 r.

235 4985 408 5036 considemus
424 4987 523 5037 habent
540 5001 632 5040 omues
648 4995 726 5040 nostrl
742 4993 867 5039 omtssum
886 5003 901 5041 s
921 4989 952 5038 l..
972 4998 1000 5040 ct
1017 4988 1139 5040 osseus.
1158 5014 1183 5026 -
1206 4989 1308 5040 Orestes
1321 4991 1461 5056 confltetur
1473 4993 1562 5043 PAFR

235 5067 261 5106 et
282 5068 321 5116 pr.
342 5058 383 5118 T,
414 5061 461 5110 Or.
481 5071 540 5108 curu
566 5059 684 5123 {assutus
711 5073 778 5112 corr.
801 5062 833 5109 T.
864 5085 894 5097 -
926 5057 969 5109 dt.
995 5063 1125 5121 pervertis
1152 5061 1187 5115 T.
1217 5067 1350 5123 pervertet
1373 5061 1403 5110 L.
1441 5062 1476 5115 Ut
1494 5076 1557 5120 nos,

233 5125 381 5178 sensns.
401 5155 431 5168 -
449 5127 494 5180 33.
513 5137 551 5182 est
569 5145 601 5184 su
617 5130 654 5194 B,
672 5131 703 5183 1..
725 5154 757 5168 -
776 5130 820 5183 37.
840 5129 883 5192 sss]
900 5143 946 5182 nse
966 5131 1004 5192 T,
1022 5145 1102 5198 mque
1121 5131 1151 5183 T.
1170 5131 1207 5182 Ut
1224 5144 1292 5194 nos,
1310 5131 1415 5185 rann.

1670 3929 1694 4050 l
