3746 5850
294 499 297 506 .
332 441 395 508 tac
732 440 961 508 cltlloltlllc
982 441 1245 511 ranunculis

331 609 382 680 ut,
404 619 475 667 cum
496 601 594 666 semel
610 599 724 668 dcun
739 599 780 668 sit
792 599 926 679 directe,
948 604 1030 669 sicut
1042 608 1152 670 natura
1166 604 1235 689 ipsa
1248 603 1366 682 tulerit,
1382 601 1556 670 invertatur
1568 601 1648 670 ordo

331 704 364 763 et
390 693 473 762 idem
504 696 592 782 quan
620 715 742 762 sursum
769 713 895 764 versum
917 704 1067 785 retroque
1088 696 1222 777 dicatur,
1258 701 1372 766 deinde
1393 702 1478 767 idem
1497 697 1647 769 intercise

330 798 426 878 atquc
448 789 613 877 permixte.
655 790 833 876 Eloquendi
853 800 958 859 autem
979 791 1163 860 exercitatio
1185 793 1321 862 maxime
1342 794 1376 862 in
1396 793 1459 862 lroc
1484 801 1552 862 toto
1573 813 1649 861 con-

328 887 472 953 vertendi
493 906 608 972 genero
629 893 784 953 rematm.

306 1002 321 1046 s
413 985 466 1048 05.
499 981 535 1046 0.
562 983 597 1047 F.
620 980 709 1047 Actio
731 979 828 1065 igitur
847 983 1008 1068 sequitur,
1041 990 1078 1050 ut
1097 984 1224 1069 opinor.
1271 984 1306 1050 C.
1333 984 1367 1054 P.
1395 987 1451 1051 list
1470 985 1531 1052 ita:
1566 1005 1647 1074 quae

328 1075 456 1163 quidem
477 1075 595 1141 oratori
616 1084 649 1140 et
669 1095 742 1142 cum
762 1096 868 1142 rerum
891 1084 1015 1143 etcum
1036 1075 1205 1144 verborum
1233 1077 1400 1146 momentis
1429 1080 1649 1146 commutanda

328 1173 462 1238 maxime
484 1176 541 1237 cst.
586 1171 673 1236 Facit
701 1170 784 1236 enim
812 1178 845 1238 ct
869 1170 1035 1238 dilucidam
1058 1173 1232 1239 orationem
1253 1180 1286 1239 et
1306 1172 1458 1240 illustrem
1481 1182 1513 1240 ct
1532 1177 1648 1261 proba-

327 1268 424 1332 bilem
446 1275 477 1330 ct
498 1285 625 1331 suarem
648 1285 711 1331 non
727 1267 848 1342 verbis,
871 1264 1091 1334 sedrarietate
1105 1288 1236 1344 uocum,
1259 1275 1348 1335 motu
1362 1268 1525 1352 corporis,
1548 1267 1645 1344 vultu,
1768 1337 1774 1352 ,

327 1381 408 1448 quae
434 1358 601 1445 plurimum
629 1358 791 1437 valebunt,
811 1359 851 1444 ‚si
879 1381 949 1427 cum
978 1361 1131 1428 orationis
1156 1382 1273 1447 genere
1294 1365 1490 1429 consentient
1511 1361 1644 1448 eiusque

289 1459 389 1523 aovim
417 1477 454 1521 ac
479 1457 662 1522 varietatem
692 1453 935 1540 subsequentur.
977 1459 1028 1524 00.
1058 1457 1093 1522 C.
1115 1458 1151 1524 F.
1183 1460 1264 1524 Num
1285 1456 1434 1545 quidnam
1455 1460 1495 1524 de
1518 1463 1645 1523 oratore

217 1633 221 1642 ι
325 1551 394 1638 ipso
417 1555 532 1617 restat?
562 1550 597 1616 C.
614 1551 649 1614 P.
674 1548 758 1616 Nihil
778 1569 854 1615 sanc
874 1558 1001 1636 praeter
1021 1551 1225 1629 memoriam,
1248 1573 1328 1638 quae
1350 1561 1397 1618 est
1418 1550 1542 1637 gemina
1563 1549 1645 1617 litte·

325 1652 450 1712 raturae
471 1646 704 1733 quodammodo
727 1645 812 1711 etin
834 1643 976 1711 dissimili
999 1665 1116 1730 genere
1137 1645 1317 1731 persimilis.
1362 1650 1440 1713 Nam
1455 1653 1491 1712 ut
1503 1645 1556 1712 illa
1571 1665 1647 1712 con-

325 1749 386 1807 stat
407 1763 448 1808 ex
468 1742 552 1808 notis
571 1739 744 1807 litterarum
766 1747 797 1806 et
818 1760 860 1807 ex
880 1760 936 1815 eo,
967 1739 1001 1806 in
1023 1761 1087 1826 quo
1107 1741 1331 1828 imprimuntur
1358 1739 1430 1807 illae
1456 1748 1568 1817 notae,
1599 1739 1646 1805 cic

181 1910 188 1920 ,
324 1834 480 1903 conlectio
500 1838 671 1902 memoriae
693 1843 853 1930 nmquam
881 1855 954 1904 cera
974 1837 1053 1903 locis
1073 1837 1171 1903 utitur
1192 1844 1224 1902 et
1243 1835 1277 1902 in
1296 1833 1346 1902 his
1366 1833 1518 1922 imagines
1539 1841 1574 1901 ut
1592 1833 1645 1900 lit-

287 1937 407 1997 nstaras
428 1929 569 2000 collocat.

408 2026 568 2091 v111.27.
605 2023 640 2089 C.
667 2026 701 2090 F.
735 2023 891 2103 Quoniam
921 2023 1018 2110 igitur
1042 2023 1090 2092 vis
1120 2023 1252 2092 oratoris
1280 2027 1381 2093 omnis
1411 2027 1556 2112 exposita
1576 2030 1642 2101 est,

325 2121 402 2210 quid
421 2122 518 2186 habes
540 2122 580 2185 de
601 2119 753 2186 orationis
773 2121 951 2208 praeceptis
974 2119 1101 2187 diceret
1123 2123 1157 2188 C.
1173 2123 1209 2186 P.
1233 2121 1389 2199 Quattuor
1408 2139 1477 2187 ease
1492 2120 1560 2186 cius
1574 2138 1645 2207 par·

325 2225 393 2295 tes,
428 2233 559 2302 quarum
580 2216 682 2301 prima
702 2222 736 2280 et
757 2223 916 2302 postrema
936 2214 978 2281 ad
998 2223 1117 2282 motum
1139 2214 1235 2283 animi
1256 2217 1350 2288 valet.
1392 2218 1423 2281 ls
1443 2216 1526 2282 enim
1547 2215 1644 2282 initiis

324 2319 372 2378 cst
394 2318 426 2378 et
445 2308 698 2398 perorationibus
720 2309 933 2381 concitandus.
955 2305 1140 2388 faecunda,
1162 2309 1320 2387 narratio,
1343 2315 1376 2375 et
1397 2309 1505 2388 tertia,
1529 2307 1645 2376 confir·

170 2411 198 2484 ,ὲ
287 2406 433 2486 mmatio,
455 2405 550 2472 tidem
570 2405 644 2470 facit
667 2403 827 2472 orationil
860 2407 921 2471 Sed
936 2403 1134 2492 amplificatio
1156 2425 1344 2492 quamquam
1364 2405 1462 2470 lohet
1481 2404 1644 2492 proprium

322 2500 445 2579 locum,
483 2520 576 2585 saepe
598 2498 691 2567 etiam
712 2498 866 2585 primum,
904 2509 1097 2584 postremum
1124 2500 1252 2587 quidem
1272 2497 1340 2565 lero
1362 2520 1504 2588 semper,
1541 2508 1643 2566 umen

321 2596 447 2683 reliquo
473 2595 507 2660 in
535 2615 628 2660 cursu
656 2595 808 2660 orationis
836 2591 1012 2660 adhibenda
1034 2601 1082 2661 est
1101 2593 1321 2681 maximoque,
1356 2615 1429 2660 cum
1451 2594 1644 2680 aliquidaut

322 2688 539 2759 confirmatum
560 2697 608 2754 cst
628 2697 682 2754 aut
701 2689 941 2774 reprehensum.
985 2693 1095 2775 ltaque
1124 2691 1163 2754 ad
1191 2686 1285 2754 fidem
1313 2709 1441 2776 quoque
1466 2690 1517 2756 rel
1544 2689 1644 2775 pluri-

322 2807 410 2853 mum
430 2785 533 2863 ralet;
567 2790 616 2849 eat
637 2783 719 2849 enim
741 2780 941 2867 amplificatio
962 2785 1132 2850 vehemens
1154 2786 1307 2870 quaedam
1329 2785 1576 2868 argumentatio,
1590 2850 1595 2867 Χ
1608 2790 1643 2849 ut
1676 2813 1679 2818 ·

158 2952 176 2967 g
285 2880 376 2952 scilla
397 2878 529 2946 docendi
551 2897 645 2944 causa
659 2879 717 2955 sit,
738 2875 815 2943 lracc
830 2876 1063 3038 commorendq)
1101 2880 1154 2944 08.
1181 2879 1216 2944 C.
1234 2881 1269 2943 F.
1292 2880 1393 2963 Perge
1414 2881 1510 2964 igitur
1531 2881 1641 2946 ordine

323 2983 472 3063 quattuor
492 2973 568 3039 milri
589 2974 663 3040 istos
685 2981 789 3057 partes
817 2973 986 3061 explicare.
1058 3020 1066 3039 .
1094 2975 1130 3038 P.
1159 2972 1284 3041 Faciam
1305 2983 1337 3039 et
1358 2993 1377 3040 a
1397 2973 1557 3062 principiis
1576 2963 1642 3061 ¹pri-

322 3091 410 3139 mum
431 3069 556 3146 ordiar,
579 3087 661 3153 quac
676 3066 804 3153 quidem
818 3069 976 3135 ducuntur
997 3075 1051 3134 ant
1071 3089 1112 3135 ea
1133 3069 1277 3155 personis
1298 3076 1353 3135 aut
1373 3089 1414 3135 cx
1435 3072 1530 3136 rebus
1550 3071 1639 3154 ipsis.

322 3169 494 3233 Sumuntur
521 3171 625 3229 autem
649 3161 744 3227 trium
770 3181 876 3229 rernm
908 3163 1023 3249 gratia:
1059 3171 1094 3229 ut
1125 3165 1240 3242 amice,
1278 3173 1314 3231 ut
1343 3164 1572 3248 intelligenter,
1605 3170 1643 3230 ut

321 3266 438 3326 attente
457 3259 633 3325 audiamur.
678 3257 820 3334 Quorum
841 3257 960 3344 primus
981 3259 1070 3324 locus
1092 3267 1139 3324 est
1158 3261 1190 3324 in
1212 3259 1356 3344 personis
1376 3262 1512 3337 nostris,
1541 3261 1641 3326 disce-

285 3362 495 3443 sputorum,
518 3353 785 3430 adversariorum
809 3350 957 3437 equilus
970 3351 1058 3418 initia
1072 3350 1311 3421 benevolentiae
1325 3353 1539 3421 conciliandae
1554 3374 1641 3421 com·

162 3491 178 3536 ,ι
320 3457 470 3538 parantur
498 3455 551 3515 ant
575 3447 696 3513 meritis
722 3448 840 3524 nostris
867 3453 920 3511 aut
948 3447 1096 3534 dignitate
1118 3456 1171 3514 aut
1191 3451 1298 3536 aliquo
1321 3469 1439 3538 genere
1459 3449 1587 3516 uirtutis
1608 3457 1640 3515 et

300 3565 305 3582 ¹
320 3547 455 3612 maxime
469 3540 682 3621 liberalitatis,
705 3540 816 3618 officii,
838 3541 994 3620 iustitiae,
1016 3541 1106 3622 fidei;
1129 3543 1356 3632 contrariisque
1370 3547 1466 3612 rebus
1480 3543 1513 3610 in
1528 3547 1640 3611 udrcr·

321 3640 419 3708 surios
447 3636 646 3706 conterendis
668 3645 699 3705 et
719 3657 791 3704 cum
810 3635 867 3714 iia,
900 3639 955 3724 qui
976 3636 1167 3725 disceptant,
1201 3639 1306 3725 aliqua
1333 3641 1560 3705 coniunctionis
1586 3645 1640 3706 ant

320 3755 412 3804 causa
433 3742 487 3801 aut
507 3754 563 3821 spe
586 3731 806 3822 significanda3
828 3721 902 3809 elisi
916 3734 949 3798 in
969 3752 1029 3798 nos
1049 3731 1176 3819 aliquod
1199 3733 1306 3800 odium
1329 3732 1502 3802 offensiove
1525 3733 1646 3826 collata¹

153 3864 213 3905 ...a
283 3829 379 3916 assit)
415 3832 554 3897 tollenda
583 3849 621 3896 ea
648 3830 855 3896 minuendave
881 3833 934 3892 aut
954 3825 1104 3894 diluendo
1125 3834 1179 3893 ant
1199 3831 1397 3895 extenuando
1418 3836 1471 3894 aut
1491 3847 1639 3915 compen·

319 3919 418 3994 s'ando
440 3932 494 3992 aut
514 3922 722 4012 deprecando.
766 3926 819 3989 29.
847 3919 1061 4006 intelligenter
1081 3929 1184 3990 autem
1205 3931 1240 3988 ut
1260 3925 1426 3991 audiamur
1445 3931 1478 3990 ot
1498 3930 1635 4002 attento,

319 4043 338 4089 a
358 4024 453 4088 robus
474 4021 550 4107 ipsis
571 4017 835 4088 ordiendumest.
878 4014 940 4083 Sed
961 4015 1107 4084 tadtlime
1126 4017 1253 4086 auditor
1273 4018 1365 4086 discit
1385 4026 1433 4097 et,
1466 4017 1542 4108 quid
1564 4039 1637 4106 aga-

318 4124 386 4193 tur,
408 4113 574 4200 intelligit,
604 4113 632 4180 si
653 4111 864 4198 complectare
885 4133 903 4178 a
923 4111 1078 4200 principio
1100 4134 1199 4198 genus
1220 4121 1426 4203 naturamque
1447 4135 1578 4194 causae,
1609 4115 1637 4179 si

319 4210 469 4288 definias,
491 4213 518 4276 si
540 4207 677 4286 dividas,
706 4207 856 4295 sineque
877 4205 1074 4294 prudentiam
1095 4207 1163 4275 eiua
1184 4207 1335 4297 impedias
1357 4207 1543 4278 confusione
1563 4229 1637 4294 pan

282 4305 398 4374 utinm
426 4326 486 4373 nec
515 4305 699 4371 memoriam
729 4299 941 4382 multitudine;
975 4322 1117 4391 quaeque
1138 4323 1214 4371 mox
1236 4307 1277 4370 de
1297 4303 1476 4371 narratione
1498 4304 1635 4372 dilucida

319 4400 480 4477 dicentur,
501 4398 612 4465 eadem
633 4397 727 4462 etiam
748 4396 810 4463 lruc
830 4403 979 4481 poterunt
1000 4405 1085 4463 recte
1106 4396 1228 4465 referri.
1270 4401 1323 4465 30.
1347 4402 1386 4465 llt
1399 4407 1515 4466 edente
1530 4407 1635 4466 autem

320 4494 499 4574 audiamur,
529 4493 625 4560 trium
645 4513 752 4560 rerum
773 4494 878 4579 aliqua
899 4512 1146 4580 consequemur;
1179 4513 1253 4560 nam
1274 4501 1328 4561 aut
1348 4513 1462 4581 magna
1481 4497 1636 4583 quaedam

387 4773 415 4828 a.
433 4785 537 4827 omum
552 4769 662 4824 lanta
679 4783 771 4824 carm
787 4770 864 4825 uva.
892 4795 921 4812 ·-
950 4769 977 4826 0.
993 4772 1124 4838 pemmo
1142 4772 1194 4826 llo.
1213 4771 1252 4828 Va
1274 4776 1400 4840 pamma
1416 4773 1474 4827 llll.
1499 4797 1533 4812 -
1560 4772 1589 4826 0.
1608 4773 1634 4824 rt

319 4847 375 4898 aar
393 4845 426 4897 V.
447 4871 476 4884 -
505 4845 550 4897 10.
569 4845 696 4909 numquid
711 4845 766 4895 tum
783 4844 831 4894 tlll
848 4844 881 4894 da
896 4869 909 4883 ·
924 4868 936 4881 ·
952 4849 1035 4896 restat
1053 4845 1148 4897 ouudt
1166 4843 1199 4897 V.
1226 4869 1261 4883 -
1291 4845 1335 4900 11.
1362 4859 1491 4915 gennano
1506 4845 1569 4898 Alli.
1588 4843 1632 4904 (tlt

318 4927 383 4978 noa,
402 4912 493 4981 Yltv.)
512 4939 543 4954 -
562 4915 607 4966 l't.
626 4918 680 4966 mor
694 4922 787 4978 portos
802 4927 854 4967 erac
871 4913 902 4968 lt.
923 4939 955 4953 -
974 4915 1017 4966 18.
1035 4917 1124 4969 cature
1142 4915 1234 4969 lamo.
1255 4941 1285 4955 ·-
1317 4917 1361 4970 10.
1379 4917 1523 4968 mutto.-
1552 4918 1633 4969 centa

319 4984 384 5052 (om.
398 4986 433 5051 ct)
451 4985 484 5038 ll.
504 5011 536 5025 -
554 4987 599 5038 20.
618 4985 719 5050 {udum
731 4986 767 5050 ll,
786 4985 878 5038 lamb.
893 5011 923 5024 -
942 4987 987 5038 05.
1006 4999 1103 5038 moso:
1121 4989 1159 5038 rtc
1176 4988 1238 5041 tuac
1256 4988 1311 5042 ΥΠ.
1329 5010 1364 5027 -
1381 4989 1425 5040 30.
1445 5001 1458 5039 e
1475 5001 1527 5040 om.
1547 4987 1579 5038 u.
1599 5009 1631 5024 -

318 5057 363 5110 38.
378 5057 480 5184 mloqc
497 5057 562 5113 RV:
581 5057 712 5112 collocato
728 5056 761 5109 ll.
780 5081 812 5098 -
831 5058 875 5112 88.
893 5063 1070 5124 uotorumque
1087 5071 1140 5112 om.
1160 5057 1192 5108 lt.
1213 5058 1288 5124 prob.
1308 5059 1372 5112 arn.
1402 5085 1434 5102 -
1451 5059 1496 5112 ll.
1515 5057 1581 5124 {ert
1598 5057 1631 5124 V,
