3720 5840
678 415 756 481 ΠΒ.
780 415 837 480 111.
882 414 915 481 C.
939 414 989 479 13.
1014 414 1062 480 ll.
1087 414 1135 478 15.
1525 407 1568 476 43

243 573 276 644 in
298 583 369 642 octo
392 574 468 642 alias
488 572 689 649 distributae,
712 579 823 642 baram
846 580 919 640 octo
940 579 1076 662 partium
1098 593 1177 663 qnae
1199 574 1350 658 cuiusque
1364 569 1479 638 idonea
1493 592 1566 657 pro·

243 671 397 738 nuntiatio
412 671 467 745 sit,
493 673 770 736 demonstrandum
793 670 925 736 videtur.
970 673 1053 736 XIV.
1079 672 1191 735 Sermo
1206 689 1275 734 eum
1292 667 1384 732 estin
1404 665 1565 751 dignitate,

243 764 345 854 plenis
377 763 520 830 lancibus
553 785 648 851 quam
675 763 868 831 sedatissima
901 774 933 829 et
962 764 1179 850 depressisima
1209 783 1287 828 voce
1308 764 1354 828 uti
1377 760 1565 838 convenict;

244 862 287 928 ita
318 867 443 936 tamen,
479 867 516 924 nt
544 881 583 924 ne
612 857 652 924 alr
683 860 819 924 oratorie
853 859 1077 926 consuetudine
1107 864 1145 925 ad
1180 861 1329 942 tragicam
1362 865 1565 922 transeamus.

245 957 324 1020 Cum
345 962 448 1019 autem
477 962 524 1018 cst
551 952 582 1017 in
611 952 898 1031 demonstratione,
935 974 1013 1020 voce
1035 952 1206 1040 paullulum
1231 960 1409 1027 attenuata,
1448 950 1590 1016 erebrius

243 1047 415 1116 intervallis
439 1055 471 1111 et
494 1046 699 1114 divisionibus
720 1048 766 1114 nti
789 1048 970 1135 oportebit,
1006 1057 1041 1112 ut
1063 1047 1129 1134 ipsa
1151 1048 1406 1134 pronuntiatione
1428 1065 1481 1112 ees
1502 1063 1565 1119 res,

245 1164 322 1230 quas
351 1140 655 1218 demonstrabimus,
691 1142 830 1208 inserere
862 1153 955 1230 atque
983 1146 1172 1208 intersecare
1203 1145 1367 1208 videamur
1394 1142 1427 1204 in
1456 1137 1568 1204 animis

244 1237 435 1305 auditorum.
481 1237 558 1302 Cum
581 1245 683 1302 autem
707 1257 811 1304 sermo
833 1239 866 1302 in
887 1237 1064 1304 narratione
1087 1245 1153 1314 est,
1177 1244 1244 1303 tum
1265 1255 1379 1302 vocum
1400 1236 1568 1300 varietates

245 1355 324 1416 epus
346 1345 435 1407 eunt,
469 1339 520 1405 ut,
554 1351 616 1416 quo
651 1330 789 1417 quidque
821 1339 912 1417 pecto
940 1339 1061 1417 gestum
1094 1332 1155 1408 sit,
1189 1331 1234 1396 ita
1261 1332 1382 1396 narrari
1411 1329 1566 1394 videatur.

247 1429 378 1491 Strenue
400 1422 484 1509 quod
507 1423 650 1489 volumus
671 1428 837 1491 ostendere
859 1428 996 1502 facturn,
1021 1425 1222 1491 celeriuscule
1243 1427 1402 1503 dicemus;
1432 1431 1464 1488 at
1484 1421 1568 1487 aliud
1577 1438 1606 1478 1⁰

246 1521 368 1597 otiose,
403 1521 643 1584 retardabimus.
699 1519 821 1586 Deinde
843 1520 938 1587 modo
960 1520 1091 1596 acriter,
1127 1529 1192 1585 tum
1213 1522 1402 1595 elementer,
1436 1523 1567 1593 maeste,

245 1616 344 1682 bilare
367 1617 400 1680 in
422 1633 531 1680 omnes
553 1621 658 1696 partes
686 1615 945 1680 commutabimus
977 1625 1012 1681 nt
1041 1612 1156 1691 verba,
1191 1615 1235 1679 ita
1266 1612 1566 1698 pronuntiationem.

247 1712 279 1774 Si
303 1706 604 1796 quatuordecimis
627 1709 837 1774 narrationem
859 1709 959 1786 dicta,
995 1718 1124 1794 rogata,
1157 1729 1330 1794 responsa,
1364 1708 1391 1773 si
1413 1727 1493 1793 quae
1515 1707 1570 1770 ad·

245 1805 445 1879 mirationes,
480 1806 519 1868 de
542 1801 655 1888 quibus
676 1823 735 1868 nos
756 1804 973 1880 narrabimus,
1006 1803 1173 1889 diligenter
1193 1803 1332 1868 animum
1354 1805 1566 1876 advertemus,

245 1908 281 1964 ut
301 1901 441 1964 omnium
462 1917 668 1980 personarum
690 1919 800 1964 sensus
822 1907 915 1983 atque
933 1901 1053 1964 animos
1068 1919 1148 1963 voce
1163 1900 1385 1983 exprimamus.
1430 1900 1482 1962 25.
1508 1895 1564 1961 Sin
1577 1916 1602 1958 rs

246 1995 307 2060 erit
328 2011 434 2057 sermo
455 1993 488 2055 in
509 1991 683 2068 locatione,
714 1991 828 2057 leniter
848 1991 1054 2058 tremebunda
1074 2013 1176 2069 voce,
1200 2013 1271 2058 cnm
1294 2013 1390 2078 parva
1412 1989 1567 2077 signitica-

245 2090 332 2152 tione
353 2088 458 2162 risus,
494 2086 561 2151 sine
583 2084 646 2150 ulla
667 2087 843 2173 suspicione
866 2086 980 2152 mimae
1002 2085 1248 2152 cachinnationis
1269 2086 1380 2152 leviter
1410 2084 1569 2172 oportebit

246 2204 265 2246 a
286 2199 431 2246 sermone
454 2181 538 2244 serio
560 2189 710 2265 torquere
732 2183 771 2244 ad
793 2180 955 2245 liberalem
982 2183 1085 2245 iocum
1107 2201 1231 2246 vocem.
1277 2182 1354 2245 Cum
1375 2189 1478 2245 autem
1495 2201 1570 2243 con·

245 2274 374 2341 tendere
396 2274 577 2360 oportebit,
616 2275 763 2359 quoniam
795 2275 828 2340 id
859 2283 913 2338 aut
938 2295 998 2358 per
1025 2274 1289 2342 continuationem
1313 2283 1367 2339 aut
1386 2293 1445 2360 per
1466 2273 1570 2338 distri-

246 2368 407 2435 butionem
440 2368 616 2433 faciendum
649 2377 715 2445 est,
750 2372 783 2434 in
812 2369 1065 2445 continuatione,
1103 2371 1235 2434 adaucto
1263 2369 1465 2435 mediocriter
1492 2387 1607 2434 sonore

245 2467 350 2540 vocis,
387 2462 492 2528 verbis
515 2463 733 2528 continuandis
754 2485 865 2528 vocem
888 2483 1014 2550 quoque
1037 2466 1167 2548 iungere
1190 2462 1348 2549 oportebit
1370 2472 1401 2530 et
1421 2473 1570 2547 torquere

247 2579 358 2653 spnum
393 2563 423 2622 et
455 2556 602 2622 celeriter
633 2577 704 2622 cnm
738 2557 874 2624 clamore
907 2560 1004 2624 verba
1036 2557 1212 2632 conficere,
1247 2567 1282 2621 ut
1311 2557 1374 2650 vim
1396 2558 1570 2622 volubilem

248 2627 399 2718 orationis
424 2651 608 2716 vociferatio
631 2657 780 2737 consequi
811 2651 929 2736 possit3
964 2655 996 2716 in
1028 2651 1247 2719 distributione
1276 2654 1346 2717 ab
1338 2643 1408 2716 rmis
1429 2653 1571 2716 lancibus

248 2748 507 2813 exclamationem
541 2766 634 2832 quam
665 2746 868 2812 clarissimam
899 2746 1049 2812 adhihere
1071 2753 1217 2833 oportet3
1256 2757 1288 2812 et
1309 2755 1456 2833 quantum
1479 2747 1570 2832 spatii

247 2841 465 2929 persingulas
495 2840 739 2906 exclamationes
770 2846 1012 2927 sumpserimus,
1051 2850 1169 2908 tantum
1199 2842 1231 2904 in
1260 2843 1381 2925 singula
1409 2839 1607 2906 intervallaas

247 2935 339 3020 spatii
361 2955 545 3000 consumere
567 2937 724 3000 iubemur.
770 2939 804 3000 ln
829 2935 1140 3023 amplificationibus,
1172 2957 1242 3000 cum
1265 2935 1479 3001 cohortatione
1501 2943 1571 2999 ute-

246 3051 317 3096 mur
337 3049 416 3094 vcce
438 3031 699 3106 attenuatissima,
738 3033 878 3097 clamore
900 3031 983 3107 leni,
1019 3051 1096 3096 sono
1118 3029 1293 3115 aequabili,
1318 3029 1570 3095 commutationi-

247 3128 306 3190 bus
328 3123 469 3200 crebris,
492 3125 628 3189 maxima
650 3125 828 3202 celeritate;
863 3128 895 3190 in
917 3128 1140 3210 conquestione
1163 3134 1287 3190 utemur
1308 3142 1387 3190 voce
1409 3127 1569 3209 depressa,

246 3218 393 3285 inclinato
416 3233 516 3293 sono,
551 3217 671 3283 crebris
693 3217 888 3296 intervallis,
926 3219 1027 3304 longis
1049 3219 1177 3305 spatiis,
1211 3219 1333 3302 magnis
1355 3217 1572 3284 commutatio-

247 3312 349 3376 nibus.
394 3314 460 3381 XV.
493 3317 539 3378 lle
567 3312 666 3398 figura
695 3315 781 3380 vocis
810 3317 884 3379 satis
913 3315 1118 3380 dictumest:
1153 3335 1237 3378 nunc
1259 3313 1298 3378 de
1320 3315 1462 3400 corporis
1484 3321 1609 3376 motuae
1685 3315 1688 3334 '

248 3404 414 3472 dicendum
436 3408 570 3471 videtur.

331 3503 382 3564 26.
420 3503 522 3566 lictus
544 3508 591 3565 est
612 3505 755 3586 corporis
779 3511 883 3587 gestus
905 3511 938 3568 et
958 3505 1061 3566 vultus
1084 3505 1257 3567 moderatio
1280 3506 1455 3588 quaedam,
1492 3522 1572 3587 quae

247 3595 461 3682 pronuntianti
494 3598 641 3660 convenit
675 3605 706 3660 et
738 3600 954 3681 probabiliora
975 3599 1077 3661 reddit
1110 3617 1169 3671 aa,
1209 3618 1289 3680 quae
1317 3599 1569 3682 pronuntiantur.

249 3691 402 3754 Convenit
433 3689 527 3773 igitur
559 3691 592 3753 in
625 3693 712 3754 vulta
745 3693 898 3775 pudorem
929 3699 960 3756 et
981 3693 1183 3756 acrimoniam
1214 3712 1305 3770 esse3
1343 3694 1375 3756 in
1404 3702 1571 3776 pestanae

247 3789 440 3848 venustatem
474 3786 727 3867 conspiciendam
761 3805 819 3851 nec
852 3788 1076 3870 turpitudinem
1115 3807 1206 3862 esse,
1244 3807 1284 3850 ne
1318 3795 1371 3850 aut
1402 3788 1571 3850 histriones
1581 3805 1608 3847 ss

247 3887 301 3942 aut
322 3879 458 3961 operarii
479 3879 642 3943 videamur
663 3899 744 3945 csse.
788 3883 835 3945 Ad
859 3885 983 3945 easdem
1007 3881 1102 3964 igitur
1124 3888 1250 3962 partes,
1288 3883 1321 3944 in
1343 3901 1420 3965 quas
1441 3899 1504 3944 vox
1525 3886 1572 3944 est

248 3970 436 4048 distributa,
473 3981 576 4038 motus
606 3995 731 4058 qnoque
761 3976 903 4058 corporis
932 3975 1011 4040 ratio
1038 3977 1161 4038 videtur
1192 3995 1261 4039 esse
1293 3976 1569 4038 accommodanda.

248 4069 325 4130 llam
359 4068 386 4130 si
418 4068 477 4131 erit
505 4087 609 4131 sermo
642 4089 712 4131 cum
744 4070 915 4152 dignitate,
948 4077 1063 4132 stantes
1093 4070 1124 4132 in
1146 4070 1301 4153 vestigio,
1339 4069 1401 4132 levi
1424 4071 1571 4132 dexterae

248 4167 335 4224 metu
356 4161 442 4244 loqui
465 4163 646 4244 oportebit,
684 4160 858 4239 hilaritate,
893 4165 1040 4239 tristitia,
1074 4165 1289 4228 mediocritate
1319 4164 1422 4226 vultus
1445 4167 1484 4228 ad
1506 4183 1572 4228 ser·

248 4256 349 4318 monis
371 4258 540 4320 sententias
562 4259 816 4344 accommodata;
840 4259 887 4320 sin
911 4260 999 4322 erit
991 4280 1023 4322 rn
1046 4259 1310 4322 demonstratione
1334 4277 1458 4335 sermo,
1482 4259 1571 4342 paul·
1581 4279 1608 4322 ιι
1709 4294 1713 4306 ·

248 4347 347 4411 lulum
371 4369 484 4432 corpus
506 4371 526 4413 a
547 4352 722 4416 cervicibus
744 4352 959 4430 demittemus;
998 4373 1070 4417 nam
1102 4353 1163 4416 hoc
1194 4361 1241 4416 ast
1272 4373 1292 4414 a
1319 4359 1430 4416 natura
1451 4355 1570 4430 datum,

316 4589 342 4638 l.
362 4588 459 4638 barum
477 4597 534 4640 oete
550 4591 670 4653 partium
689 4603 756 4655 quoe
773 4590 933 4646 Pansam:
953 4603 1019 4654 quae
1033 4589 1062 4639 a.
1071 4615 1102 4625 -
1121 4589 1147 4639 8.
1166 4591 1309 4642 ebrietates
1321 4603 1386 4652 opus
1397 4595 1457 4640 reat
1469 4590 1506 4640 T:
1526 4605 1572 4641 aa·

248 4661 358 4710 rietatee
371 4669 496 4723 operarent
509 4659 567 4723 (stc)
581 4675 621 4724 pr.
636 4660 668 4716 Ρ,
688 4663 832 4712 varietates
846 4665 1030 4725 postposuerat
1048 4659 1117 4709 batt
1137 4667 1163 4713 et
1181 4673 1247 4712 corr.
1263 4661 1299 4718 Ρ,
1317 4663 1448 4711 verietate
1460 4675 1524 4722 optus
1534 4669 1572 4712 est

248 4729 269 4780 E
288 4737 329 4790 et,
349 4737 379 4782 ut
396 4731 513 4790 ridetur,
534 4731 564 4782 a.
581 4754 610 4765 -
630 4733 672 4781 tt.
694 4733 778 4782 bitere
798 4732 903 4782 Para:
923 4732 1044 4780 bttertter
1062 4730 1141 4780 aaa.
1163 4755 1191 4768 —
1215 4731 1571 4783 rs.eerraetemm1>ana

248 4814 309 4852 eum
328 4804 434 4862 opttmts
453 4801 522 4862 apud
542 4801 686 4852 omenes
718 4805 875 4852 narratione
894 4802 967 4851 aaa.
985 4826 1017 4837 —
1036 4801 1079 4851 17.
1099 4799 1205 4865 mamae]
1226 4805 1324 4852 eladae
1341 4803 1462 4856 PAFRT.
1478 4805 1571 4862 probb.

249 4871 344 4922 Graes.
364 4879 390 4923 et
409 4872 499 4929 ond..
518 4873 639 4924 mimicae
652 4875 685 4925 de
704 4873 767 4924 Ern·
787 4876 886 4932 susptc.
901 4872 962 4922 seb.
999 4871 1032 4920 Ut
1051 4885 1112 4930 nos,
1137 4872 1202 4923 Cod-
1219 4873 1321 4924 Fabrte.
1341 4881 1384 4933 et,
1405 4880 1434 4924 ut
1453 4875 1571 4934 ridetur,

249 4943 280 4992 B.
306 4965 339 4976 -
368 4943 459 4996 leniter
478 4942 599 4993 aaran.
631 4967 661 4980 -
689 4944 733 4993 23.
754 4943 940 4993 distributione
957 4953 1042 4992 vocem
1059 4942 1093 4991 ab
1111 4941 1230 4994 Perna.
1257 4968 1286 4979 -
1318 4943 1362 4993 91.
1381 4943 1573 4996 eaelooeots'ooe

248 5027 326 5077 mmm
344 5011 493 5064 clericatum
514 5014 634 5064 baara.
665 5037 692 5048 -
724 5013 769 5066 34.
788 5017 870 5065 teresse
887 5012 922 5076 B,
945 5013 975 5063 l..
996 5037 1027 5048 -
1053 5011 1097 5065 35.
1118 5016 1325 5076 conspiciendam
1342 5013 1493 5066 anaante
1512 5028 1573 5066 eoa·

248 5085 441 5148 opteramum
461 5085 517 5137 ettle
537 5092 564 5137 et
581 5084 673 5136 bamb.
693 5085 724 5138 Ε.
