3714 5844
660 439 737 502 mn
761 439 802 503 n.
849 437 959 518 cer.
982 439 1034 508 aa.
1057 441 1109 506 aa.
1267 403 1272 408 ’
1491 443 1552 509 rso

228 601 304 666 alias
326 599 564 666 constitutiones
586 599 791 677 inducentur,
816 620 857 664 er
878 599 918 666 iis
939 599 1034 677 locis,
1058 598 1118 688 qui·
1127 599 1232 666 traditi
1246 605 1335 677 munt,
1358 601 1549 683 infirmabit3

227 696 328 778 ipsam
349 703 456 759 autem
479 696 663 760 relationem
686 693 922 782 comprobabit,
957 698 1093 780 primum
1115 697 1259 780 augendo
1283 697 1366 770 eius,
1403 698 1435 761 iu
1458 717 1552 783 quem

227 789 345 856 reseret
366 791 504 865 crimen,
528 790 651 873 culpam
666 796 698 854 et
711 789 888 866 audaciam,
911 797 944 854 et
957 810 1050 875 quam
1065 791 1202 854 maxime
1216 809 1275 875 per
1288 789 1550 874 indignationem,

226 882 253 949 ei
263 904 314 948 res
329 882 423 956 leret,
440 882 545 968 iuncta
553 885 779 970 conquestione
789 892 860 949 ante
873 883 982 950 oculos
997 885 1155 970 ponendo.
1178 885 1292 948 Postea
1306 885 1407 950 levius
1421 886 1552 950 demon·

225 982 354 1066 suendo
375 1000 468 1045 reum
490 1001 525 1043 se
547 978 708 1066 punitum,
732 999 826 1066 quarn
849 981 890 1043 sit
910 979 963 1046 ille
977 981 1186 1066 promeritus,
1212 985 1243 1042 et
1257 998 1348 1043 suum
1363 980 1573 1067 suppliciums

226 1094 295 1141 curn
319 1074 402 1141 illius
423 1076 539 1140 iniuria
560 1072 763 1140 conferendo.
808 1072 931 1139 Deinde
953 1074 1110 1160 oportebit
1132 1092 1188 1138 eos
1202 1074 1310 1148 locos,
1334 1075 1387 1160 qui
1402 1075 1445 1137 ita
1460 1079 1553 1139 erunt

225 1172 265 1234 ab
287 1177 470 1235 accusatore
492 1169 631 1245 tractati,
666 1175 702 1232 ut
731 1165 833 1233 refelli
856 1176 888 1233 et
910 1170 1098 1234 contrariam
1118 1171 1151 1231 in
1172 1172 1293 1253 partem
1316 1169 1456 1233 converti
1477 1187 1552 1251 pos·

226 1264 304 1339 sint,
337 1283 400 1348 quo
422 1265 457 1327 in
478 1282 594 1347 genere
617 1269 690 1328 suut
710 1271 775 1328 tres
797 1263 951 1336 extremi,
991 1260 1157 1328 contrariis
1177 1259 1354 1327 rationibus
1375 1260 1548 1327 infirmare.

225 1361 277 1424 es.
301 1358 359 1423 llla
380 1365 485 1423 autem
507 1358 660 1422 acerrima
682 1365 899 1422 accusatorum
921 1357 1112 1432 criminatio,
1145 1375 1203 1442 per
1224 1375 1317 1442 quam
1339 1356 1551 1443 perturbatio·

224 1471 297 1516 nem
328 1448 398 1516 fore
426 1451 565 1516 omnium
594 1450 782 1517 iudiciorum
806 1453 1035 1528 demonstrant,
1071 1453 1098 1517 si
1127 1452 1167 1514 de
1194 1449 1374 1517 indemnato
1403 1452 1549 1537 supplicii
1557 1481 1587 1524 se

225 1543 369 1610 sumendi
389 1552 527 1631 potestas
551 1547 622 1608 data
643 1543 699 1619 sit,
722 1544 893 1620 levabitur,
916 1545 1052 1632 primum
1072 1547 1098 1610 si
1114 1547 1270 1610 eiusmodi
1285 1548 1551 1612 demonstrabitur

223 1638 352 1713 iniuria,
375 1646 495 1705 utnon
517 1640 614 1704 modo
636 1639 705 1705 viro
727 1640 829 1717 bono,
854 1661 965 1706 verum
988 1643 1115 1706 omuino
1137 1640 1257 1706 homiui
1279 1639 1382 1706 libero
1405 1642 1550 1708 ridemur

223 1755 288 1799 uon
308 1734 406 1798 fuisse
429 1735 610 1812 toleranda;
644 1734 759 1798 deinde
782 1733 826 1800 ita
847 1736 1026 1820 perspicua,
1049 1742 1085 1800 ut
1106 1756 1146 1799 ue
1168 1737 1209 1800 ab
1231 1735 1301 1821 ipso
1323 1734 1469 1821 quidem,
1494 1735 1551 1824 qui

223 1830 368 1904 lecisset,
392 1829 425 1892 in
448 1826 579 1893 dubium
601 1836 783 1906 nuceretum
821 1829 934 1894 deinde
956 1827 1128 1905 eiusmodi,
1160 1831 1250 1894 utin
1272 1849 1341 1895 eam
1363 1832 1391 1895 is
1413 1832 1549 1896 maxime

224 1921 369 1988 debuerit
390 1921 659 1998 animadvertere,
696 1924 750 2008 qui
771 1921 1045 2001 animadverterit;
1079 1932 1114 1988 ut
1140 1944 1205 1988 non
1230 1931 1294 1989 tem
1316 1933 1451 1999 rectum,
1484 1946 1586 1993 nones

223 2025 286 2082 tarn
307 2015 402 2082 suerit
423 2017 590 2083 honestum
612 2017 644 2082 in
668 2019 818 2083 iudicium
840 2017 924 2083 illam
945 2041 1012 2084 rem
1038 2019 1227 2105 pervenire,
1263 2039 1357 2104 qnam
1380 2040 1418 2084 co
1451 2019 1548 2086 modo

222 2123 316 2199 atque
337 2116 376 2178 ab
399 2135 438 2176 eo
460 2110 630 2188 vindicari,
654 2133 718 2199 quo
739 2111 835 2178 modo
858 2123 890 2179 et
911 2135 930 2178 a
952 2133 1014 2199 quo
1037 2113 1077 2178 sit
1091 2111 1262 2192 vindicata3
1286 2122 1396 2201 postea
1416 2116 1461 2180 sic
1478 2135 1548 2180 rem

222 2206 319 2272 luisse
347 2213 506 2291 apertam,
542 2213 577 2270 ut
603 2204 753 2272 iudicium
779 2210 819 2272 de
848 2229 887 2272 ea
906 2227 942 2273 re
963 2207 1033 2272 lieri
1053 2206 1131 2272 nibil
1155 2207 1325 2274 attinuerit.
1371 2211 1423 2276 85.
1447 2216 1548 2296 Atque

222 2304 272 2367 hic
295 2302 572 2367 demonstrandum
594 2308 641 2366 est
663 2303 838 2368 rationibus
860 2310 893 2369 ct
914 2304 1069 2368 similibus
1090 2307 1186 2370 rebus
1206 2306 1377 2389 permultas
1397 2306 1442 2370 ita
1462 2313 1548 2370 atro-

222 2417 274 2462 ces
296 2403 328 2461 et
347 2394 529 2483 perspicuas
550 2415 602 2460 res
624 2415 711 2472 esse,
745 2404 781 2460 ut
811 2400 850 2463 de
877 2397 926 2462 bis
955 2417 1020 2463 non
1042 2395 1138 2464 modo
1169 2419 1232 2464 non
1260 2419 1389 2476 necesse
1418 2399 1459 2465 sit
1490 2403 1584 2468 sedas

222 2489 359 2557 neutile
380 2489 526 2576 quidem,
550 2511 644 2576 qrram
665 2510 742 2555 mox
755 2491 906 2558 iudicium
920 2489 992 2569 liat,
1017 2499 1210 2576 exspectare.
1253 2493 1356 2558 Locus
1371 2495 1546 2560 eommunis

222 2585 410 2652 accusatoris
441 2585 474 2651 iu
504 2606 593 2660 eum,
629 2585 683 2672 qui
714 2605 786 2650 cum
815 2584 865 2663 id,
901 2590 986 2672 quod
1008 2591 1168 2670 arguitur,
1203 2608 1319 2671 negare
1339 2609 1406 2652 non
1426 2590 1544 2674 p'ossit,

222 2689 326 2746 tamen
357 2676 476 2765 aliquid
509 2679 569 2746 sibi
596 2683 663 2767 spei
694 2689 855 2766 comparet
879 2701 920 2746 ex
942 2680 1131 2747 iudiciorum
1152 2683 1400 2766 perturbatione.
1442 2686 1545 2770 Atque

221 2777 272 2840 hic
286 2775 426 2841 utilitatis
447 2777 636 2842 iudiciorum
652 2777 877 2841 demonstratio
900 2786 931 2842 et
953 2779 992 2841 de
1007 2797 1046 2842 eo
1061 2775 1261 2862 conquestio,
1284 2779 1339 2862 qui
1354 2776 1545 2862 supplicium

222 2868 342 2935 dederit
362 2868 575 2948 indemnatus;
607 2871 639 2934 in
662 2871 729 2934 eius
750 2876 873 2946 autem,
906 2869 960 2956 qui
981 2873 1174 2957 sumpserit,
1196 2871 1359 2936 audaciam
1381 2880 1414 2937 et
1434 2877 1581 2939 crude-ss

221 2963 338 3028 litatem
359 2963 545 3049 indignatio.
590 2967 642 3030 86.
666 2967 714 3028 Ab
737 2963 920 3042 defensore,
955 2967 1093 3040 ineius,
1128 2984 1222 3051 quem
1237 2968 1334 3031 ultus
1355 2968 1415 3043 sit,
1448 2966 1546 3033 auda·

221 3057 301 3123 ciam
322 3058 372 3124 sui
393 3057 594 3144 conquestio3
615 3077 684 3123 rem
706 3077 770 3124 non
792 3079 832 3124 ex
853 3064 981 3126 nomine
1001 3060 1101 3147 ipsius
1121 3062 1237 3146 negotii
1260 3059 1318 3126 sed
1346 3081 1386 3126 cx
1411 3061 1543 3127 consilio

221 3156 304 3228 eius,
336 3155 390 3240 qui
412 3152 538 3227 lecerit,
573 3159 604 3217 et
625 3173 720 3218 causa
742 3162 773 3218 et
794 3163 937 3238 tempore
959 3154 1153 3221 considerari
1175 3162 1339 3242 oportere3
1372 3158 1448 3243 quid
1468 3156 1545 3222 mali

129 3257 133 3264 '
219 3245 357 3314 futurum
389 3250 429 3313 sit
456 3257 510 3313 aut
539 3270 580 3313 ex
611 3246 728 3314 iniuria
757 3256 811 3314 aut
837 3271 878 3314 cx
907 3251 1028 3315 scelere
1056 3248 1205 3326 alicuius,
1239 3249 1301 3315 uisi
1321 3258 1407 3314 tauta
1429 3257 1461 3315 et
1480 3259 1543 3316 tam

220 3342 387 3428 perspicua
400 3341 531 3408 audacia
544 3345 659 3422 abeo,
683 3345 724 3407 ad
738 3343 827 3410 cuius
848 3342 963 3409 lamam
986 3351 1040 3409 aut
1060 3346 1101 3408 ad
1122 3350 1270 3428 parentes
1291 3351 1345 3409 aut
1365 3342 1406 3408 ad
1426 3341 1580 3411 liberasso

218 3436 406 3520 pertinuerit
426 3445 480 3500 aut
500 3439 541 3501 ad
560 3439 700 3524 aliquam
721 3458 807 3514 rem,
830 3459 924 3525 quam
946 3457 1051 3504 caram
1073 3458 1141 3503 esse
1163 3441 1309 3504 omnibus
1335 3445 1388 3505 aut
1413 3457 1542 3505 necesse

220 3538 268 3596 est
288 3539 343 3596 aut
363 3538 489 3616 oportet
510 3553 596 3607 esse,
620 3531 717 3597 fuerit
738 3532 903 3598 vindicata.

302 3629 419 3692 xxtx.
448 3628 593 3692 Remotio
615 3628 755 3692 criminis
777 3636 844 3705 est,
867 3650 939 3695 cum
959 3629 1027 3694 eius
1048 3627 1182 3695 intentio
1203 3626 1294 3705 facti,
1318 3630 1404 3712 prod
1426 3630 1466 3692 ab
1488 3627 1543 3694 ad-

218 3723 359 3786 versario
381 3719 539 3796 insertur,
576 3722 609 3786 in
637 3723 734 3787 elium
760 3730 815 3787 aut
842 3724 874 3787 in
902 3725 988 3788 aliud
1015 3726 1212 3789 demovetur.
1255 3725 1291 3788 ld
1319 3721 1355 3787 lit
1375 3723 1542 3807 bipartit03

218 3837 291 3882 nam
311 3825 378 3880 tum
400 3836 512 3892 causa,
546 3822 612 3880 tum
633 3835 687 3880 res
708 3814 777 3902 ipsa
797 3825 990 3883 removetur.
1035 3820 1087 3882 87.
1121 3819 1238 3882 Causae
1267 3818 1453 3882 remotionis
1480 3820 1579 3896 boc„

219 3909 310 3975 uobis
332 3911 477 3996 exemplo
502 3912 561 3975 sit:
586 3909 699 3976 Rhodii
722 3913 874 3996 quosdam
895 3911 1041 3996 legarunt
1060 3914 1207 3978 Athenas.
1252 3915 1376 3997 Legatis
1397 3921 1543 3998 quaesto-

219 4024 270 4069 rcs
302 4012 478 4089 sumptum,
514 4025 609 4091 quem
638 4007 805 4090 oportebat
832 4007 916 4080 dari,
949 4027 1014 4071 non
1046 4005 1210 4072 dederunt.
1266 4009 1375 4093 Legati
1406 4009 1542 4094 profecti

217 4117 282 4163 uon
304 4108 387 4163 sunt.
432 4105 636 4166 Accusautur.
682 4101 817 4165 Intentio
841 4109 904 4164 est:
926 4099 1086 4166 Proficisei
1108 4103 1256 4187 oportuit.
1298 4101 1448 4188 Depulsio
1472 4110 1538 4168 est:

218 4195 288 4258 Non
309 4193 458 4279 oportuit.
505 4193 655 4272 Quaestio
679 4203 744 4258 est:
780 4195 1023 4280 Oportucrituet
1059 4199 1150 4261 Ratio
1178 4204 1244 4261 est:
1279 4197 1427 4281 Sumptus
1456 4196 1541 4262 enim

218 4287 272 4374 qui
305 4291 344 4355 de
377 4290 504 4371 publico
535 4288 604 4355 dari
633 4287 731 4364 solet,
765 4287 793 4354 is
821 4287 860 4354 ab
883 4300 1050 4374 quaestore
1071 4311 1134 4356 non
1156 4299 1204 4355 est
1225 4288 1326 4357 datus.
1370 4289 1579 4368 Infirmatiom

218 4389 282 4447 est:
318 4386 509 4448 vestanen
537 4383 590 4460 id,
624 4382 711 4470 quod
732 4384 858 4467 publice
880 4386 971 4450 robis
992 4393 1060 4450 erat
1080 4387 1199 4470 negotii
1221 4387 1349 4462 datum,
1382 4385 1540 4454 conficere

286 4553 312 4605 3.
331 4555 425 4620 reseret
441 4554 528 4616 PAR,
548 4556 585 4606 L:
605 4558 686 4621 refert
702 4557 734 4607 E.
753 4582 787 4596 -
804 4559 831 4609 5.
850 4571 924 4609 reum
940 4571 968 4608 ιο
984 4558 1023 4609 P:
1043 4572 1158 4610 sermm
1177 4571 1244 4611 corr.
1264 4557 1353 4610 Sobol.
1374 4560 1466 4623 oud,
1486 4575 1504 4612 a
1516 4576 1542 4614 ss

216 4638 292 4676 reum
306 4625 380 4682 liri..
400 4637 475 4675 reum
492 4630 601 4685 (omtsso
613 4626 649 4686 ss)
667 4629 754 4688 nnn,
774 4641 800 4679 ιο
821 4631 927 4688 (omtsso
944 4628 1029 4694 ream)
1053 4641 1091 4692 pr.
1113 4630 1201 4680 schot.
1220 4629 1291 4682 Oud·
1308 4631 1422 4687 (Omnes
1440 4647 1542 4685 errores

217 4695 280 4748 tude
300 4699 350 4748 ortt
369 4703 446 4756 suut,
465 4698 536 4761 quod
558 4711 610 4750 non
630 4699 833 4759 tutellersruut,
852 4702 975 4763 punitum
993 4701 1037 4750 btc
1058 4714 1147 4753 rursus
1168 4714 1225 4753 οοιο
1243 4713 1268 4755 v.
1289 4707 1454 4755 transtttvum
1477 4704 1541 4755 tltud

213 4767 317 4830 puniet,
331 4767 433 4826 utctsct,
446 4773 476 4817 ut
485 4763 513 4830 3.
527 4767 577 4819 8οι
597 4770 666 4832 qnod
675 4795 686 4806 -
695 4795 707 4806 -
718 4783 779 4820 ιοιιι
787 4771 899 4831 punitus
910 4771 945 4821 stt
956 4775 1036 4832 atque
1049 4770 1110 4821 sltbt
1123 4772 1193 4834 apud
1207 4771 1277 4829 Cle.)
1288 4795 1317 4809 —
1331 4788 1411 4839 quum
1422 4777 1459 4826 sit
1468 4776 1542 4826 itttsss

214 4839 382 4902 promeritis
401 4837 506 4897 senon,
520 4841 591 4891 unde
610 4839 800 4901 Oudendorpto
820 4845 926 4891 auctore
945 4839 1102 4890 Schutztuss
1134 4855 1214 4906 quom
1230 4843 1302 4893 tttisss
1317 4858 1368 4907 pro
1385 4848 1493 4896 meritis.
1515 4871 1541 4884 -

217 4907 260 4958 ti.
286 4923 345 4960 sum
362 4908 454 4960 bamb.
474 4909 555 4960 solus.
576 4935 607 4946 ·-
627 4911 671 4960 tt).
689 4911 820 4961 similibus
837 4911 914 4960 rebus
931 4909 1015 4961 PAR:
1035 4912 1111 4962 retus
1127 4912 1255 4963 similibus
1274 4915 1306 4963 li·
1328 4941 1358 4953 -
1386 4917 1430 4967 at.
1450 4913 1540 4982 quom]

216 4979 264 5044 qui
282 4993 323 5044 pr.
342 4980 380 5041 Ρ,
400 4980 464 5043 quin
481 4979 529 5030 AR
548 4987 574 5031 et
593 4993 660 5031 corr.
679 4981 716 5042 Ρ,
736 4985 775 5031 utt
795 4981 908 5032 edebant
927 4985 987 5031 cute
1006 4981 1068 5031 liro.
1088 5007 1123 5017 —
1139 4983 1183 5034 2¹1.
1204 4986 1369 5048 conquestio:
1387 4999 1442 5037 ιοοι
1455 4986 1540 5038 Oxou.

216 5061 302 5102 unus:
323 5053 473 5114 conquestio
491 5059 528 5104 est
545 5064 601 5102 rem
618 5061 657 5113 pr.
676 5051 716 5111 Α,
736 5053 945 5115 conquestionem
961 5065 1016 5103 rem
1035 5064 1074 5115 pr.
1093 5053 1133 5104 l’s
1154 5056 1351 5118 conquestione:
1368 5069 1424 5107 rem
1441 5059 1462 5109 li
1481 5069 1541 5108 cum

216 5119 241 5171 R
263 5128 376 5176 steort.
395 5121 450 5174 tet.
469 5144 504 5160 ··-
530 5122 575 5174 41.
594 5129 654 5175 eret
670 5126 768 5190 negotii
785 5125 876 5174 wem
895 5122 957 5174 ΡΑι
983 5124 1076 5177 dotum
1094 5131 1152 5177 erut
1168 5126 1269 5190 negotii
1284 5125 1340 5178 Rll.
