3742 5852
316 417 380 486 333
905 423 1056 490 BRUTUS

316 583 482 670 losopbiae
502 599 663 668 nunquam
684 579 897 646 intermissum
918 583 1122 669 optimaque
1143 583 1353 654 adolescentia
1374 588 1491 656 cultum
1513 595 1545 656 et
1562 611 1644 657 sem-

315 697 375 764 per
396 687 522 743 auctum
553 679 614 742 boc
646 696 757 742 rursus
784 697 907 741 summo
937 685 1068 743 auctore
1096 687 1129 744 et
1156 683 1288 748 doctore
1314 684 1475 750 renovavi.
1520 689 1642 754 Eodem

315 781 420 840 tamen
442 781 584 859 tempore
605 768 734 836 Athenis
756 768 840 856 apud
863 771 1058 838 Demetrium
1087 775 1219 860 Synrm,
1252 785 1394 844 veterem
1416 787 1448 844 et
1468 801 1531 846 non
1553 780 1643 866 igno·

188 857 214 972 ὅ
315 867 413 934 bilem
442 865 567 933 dicendi
595 865 793 958 magistrum,
825 862 965 930 studiose
993 867 1138 934 exerceri
1166 867 1316 938 solebam.
1359 876 1433 939 Post
1458 895 1548 940 ame
1569 875 1643 941 Asia

292 969 383 1028 stota
403 969 565 1048 peragrata
587 968 635 1026 est
656 953 728 1025 oiim
749 957 879 1025 summis
902 959 1031 1045 quidem
1052 962 1244 1040 oratoribus,
1268 965 1454 1052 quibuscum
1470 970 1644 1035 exercebar

315 1054 392 1140 ipsis
424 1053 621 1134 lubentibus;
657 1072 794 1142 quorum
826 1061 894 1119 erat
923 1054 1069 1141 princeps
1102 1056 1272 1142 Menippus
1301 1061 1540 1128 Stratonicensis
1570 1082 1642 1129 meo

314 1149 435 1216 iudicio
455 1159 521 1217 tota
541 1151 615 1215 Asia
636 1148 697 1214 illis
719 1147 917 1232 temporibus
939 1146 1181 1232 disertissimum
1216 1160 1263 1230 et,
1286 1155 1312 1219 si
1336 1153 1414 1220 nibil
1434 1155 1552 1223 babere
1573 1177 1643 1224 mo-

312 1245 475 1312 lestiarum
507 1266 567 1311 nec
597 1243 786 1331 ineptiarum
815 1243 991 1309 Atticorum
1018 1252 1082 1318 est,
1115 1246 1169 1310 bic
1196 1255 1305 1313 orator
1332 1246 1451 1316 inillis
1481 1250 1641 1318 numerari

311 1350 400 1408 recte
421 1348 536 1428 potest.
580 1341 654 1404 316.
686 1336 906 1404 Assiduissimc
936 1346 1041 1404 autem
1068 1359 1195 1406 mecum
1220 1339 1280 1406 suit
1299 1339 1468 1430 Dionysius
1488 1347 1639 1429 Magnes3

113 1449 225 1571 qd(
275 1433 382 1540 sperat
403 1437 498 1504 etiam
519 1433 691 1522 Aeschylus
714 1430 860 1510 Cnidius,
887 1435 1132 1521 Adramyttenus
1152 1426 1338 1538 Xenocles)
1364 1437 1406 1502 Hi
1426 1445 1493 1503 tum
1514 1439 1548 1505 in
1568 1442 1641 1505 Asia

151 1552 181 1570 ·‘
313 1524 475 1598 rhetorum
498 1529 659 1616 principes
680 1531 936 1594 numerabantur.
979 1528 1102 1607 Quibus
1130 1550 1196 1595 non
1217 1537 1381 1596 contentus
1402 1531 1547 1600 Rhodum
1568 1533 1642 1600 veni

193 1709 227 1822 ,z
312 1625 506 1810 lutri
521 1621 1642 1804 ultusultus?litu,l,⁰llll:lttltbt

312 1812 609 1900 madvertendisque
636 1812 722 1880 vitiis
752 1820 784 1878 et
811 1809 1004 1878 instituendo
1036 1809 1244 1896 docendoque
1273 1811 1559 1898 prudentissimum.
1610 1818 1641 1882 Is

273 1929 302 1970 1⁵
312 1911 400 1978 dedit
413 1930 544 1997 operam
556 1943 600 1958 -
613 1909 641 1973 si
654 1909 751 1973 modo
765 1908 799 1972 id
813 1905 965 1991 consequi
978 1906 1082 1989 potuit
1094 1941 1156 1983 -,
1182 1913 1219 1970 ut
1237 1904 1330 1971 nimis
1351 1905 1562 1976 redundantes
1582 1930 1641 1976 nos

312 2016 346 2074 et
358 2003 588 2092 superfluentes
609 2001 741 2068 iuvenili
762 2002 896 2086 quadam
918 1998 1043 2065 dicendi
1063 1999 1249 2086 impunitate
1264 2007 1296 2065 et
1316 2001 1442 2068 licentia
1457 2006 1642 2088 reprimeret

312 2112 345 2169 ct
365 2102 455 2188 quasi
486 2107 579 2166 extra
605 2100 691 2180 ripas
722 2093 901 2161 diffluentes
928 2102 1102 2160 coerceret.
1147 2097 1194 2160 lta
1214 2096 1323 2180 recepi
1344 2116 1396 2162 me
1418 2100 1547 2166 biennio
1568 2105 1641 2184 post

311 2219 377 2264 non
408 2197 505 2261 modo
537 2193 755 2266 exercitatior,
788 2187 844 2255 sed
871 2207 973 2274 prope
998 2197 1145 2259 mutatus.
1187 2192 1267 2254 Nam
1282 2185 1328 2261 (et
1355 2196 1514 2260 contentio
1543 2193 1641 2260 nimia

310 2291 400 2358 vocis
420 2291 584 2356 resederat
605 2295 638 2353 et
658 2285 748 2374 quasi
777 2285 956 2350 deferverat
985 2283 1087 2350 oratio
1116 2282 1330 2373 lateribusque
1352 2286 1437 2353 vires
1458 2295 1491 2354 et
1511 2289 1640 2376 corpori

273 2387 482 2452 ”mediocris
502 2380 627 2449 babitus
649 2371 846 2469 accesserat)

394 2481 492 2547 XCII.
516 2481 591 2544 317.
623 2479 782 2541 Doctum
804 2478 1000 2547 excellebant
1021 2488 1179 2557 oratores,
1208 2480 1264 2567 qui
1286 2503 1336 2546 me
1358 2477 1500 2546 imitandi
1521 2475 1641 2565 cupidi·

192 2609 198 2621 ,
309 2581 374 2641 tate
394 2573 579 2648 incitarent,
613 2573 703 2652 Cotta
723 2579 756 2636 et
776 2574 984 2660 Hortensius:
1019 2595 1156 2661 quorum
1182 2577 1261 2640 alter
1281 2578 1432 2642 remissus
1453 2582 1485 2640 et
1505 2572 1584 2639 lenis
1607 2583 1639 2639 et

173 2669 180 2712 t
311 2669 447 2757 propriis
469 2666 577 2735 verbis
598 2667 872 2752 comprehendens
893 2670 995 2734 solute
1019 2677 1051 2734 et
1064 2671 1157 2736 facile
1173 2669 1377 2747 sententiam,
1401 2673 1481 2735 alter
1494 2675 1636 2745 ornatus,

310 2784 385 2830 acor
417 2772 450 2829 et
476 2784 541 2827 non
571 2759 657 2837 talis,
688 2760 813 2847 qualcm
834 2773 869 2829 tu
898 2784 987 2842 eum,
1018 2768 1133 2841 Brute,
1157 2765 1219 2830 iam
1242 2761 1500 2830 deflorescentem
1521 2781 1640 2847 cogno-

271 2857 400 2934 ssvisti,
435 2854 491 2923 sed
519 2853 691 2922 verborum
717 2863 749 2922 et
776 2857 909 2922 actionis
938 2879 1056 2942 genere
1087 2858 1285 2926 commotior.
1331 2862 1441 2945 ltaque
1463 2878 1534 2922 cum
1556 2859 1640 2922 Hor·

309 2954 411 3018 tensio
439 2949 519 3015 mibi
547 2951 646 3034 magis
674 2947 851 3016 arbitrabar
878 2974 947 3019 rem
976 2974 1062 3031 esse,
1095 2952 1182 3041 quod
1211 2961 1244 3018 et
1272 2951 1396 3018 dicendi
1417 2954 1531 3018 ardore
1552 2972 1639 3018 eram

308 3048 441 3134 propior
462 3053 494 3110 et
514 3051 616 3110 aetate
637 3043 845 3108 coniunctior.
890 3047 1014 3113 Etenim
1034 3049 1178 3114 videram
1198 3049 1232 3114 in
1253 3046 1372 3113 eisdem
1392 3049 1510 3122 causis,
1531 3054 1566 3110 ut
1578 3066 1639 3133 pro

153 3143 174 3237 ζ
308 3143 351 3205 bt.
371 3137 539 3215 Canuleio,
561 3157 622 3225 pro
644 3140 700 3205 Cn.
716 3135 880 3206 Dolabella
902 3139 1076 3219 consulari,
1099 3162 1171 3207 curn
1194 3143 1285 3207 Cotta
1304 3141 1451 3228 princeps
1474 3138 1634 3207 adbibitus

308 3241 407 3312 esset,
443 3235 569 3319 priores
591 3239 696 3297 tamen
716 3250 812 3316 agere
831 3242 938 3318 portes
960 3224 1177 3303 Hortensium.
1209 3229 1335 3303 silerem
1358 3238 1441 3301 enirn
1463 3236 1647 3323 oratorem)

271 3328 471 3400 scinoonsum
492 3334 689 3411 stupentem
710 3334 743 3391 et
763 3347 915 3394 canorum
934 3335 1120 3415 (concursus
1146 3333 1310 3397 bominum
1337 3329 1463 3418 foriqrra
1491 3329 1639 3416 strepitus
1689 3381 1694 3392 .

101 3415 201 3520 ..ΞᾹ
290 3423 490 3518 desiderati)
524 3425 597 3490 318.
629 3423 730 3487 Unum
751 3421 849 3507 igitur
868 3443 1004 3503 annum,
1039 3445 1112 3492 cum
1133 3424 1323 3492 redissemus
1345 3447 1385 3491 ex
1405 3423 1498 3502 Asia,
1528 3443 1639 3490 causas

111 3520 154 3538 '‘
276 3467 432 3588 (nobiles
461 3521 600 3605 egimus,
618 3515 708 3587 <cum
737 3524 938 3604 quaesturam
965 3541 1040 3598 nos,
1072 3519 1269 3587 consulatum
1299 3522 1410 3597 Cotta,
1445 3517 1638 3585 aedilitatem

156 3641 209 3734 s‘⁴'
267 3590 431 3706 [peteret
455 3589 666 3696 Hortensius)
700 3612 829 3679 Interim
857 3635 908 3680 me
936 3623 1135 3702 quaestorem
1167 3613 1337 3681 Siciliensis
1365 3613 1489 3701 excepit
1517 3633 1635 3693 annus;

183 3716 202 3734 “’
309 3714 399 3778 Cotta
420 3732 461 3777 ex
482 3712 648 3777 consulatu
669 3715 716 3774 est
736 3707 896 3795 profectus
917 3712 950 3776 in
973 3710 1124 3791 Galliam3
1157 3709 1304 3796 princeps
1333 3718 1366 3774 et
1394 3717 1461 3774 erat
1481 3715 1514 3772 et
1534 3709 1634 3774 babe-

269 3805 401 3875 srbatur
421 3804 621 3873 Hortensius.
668 3803 747 3869 Cum
768 3811 873 3868 autem
895 3825 976 3870 anno
997 3813 1070 3892 post
1090 3825 1133 3870 ex
1155 3803 1259 3870 Sicilia
1276 3824 1327 3869 me
1340 3803 1551 3887 recepissem,
1573 3804 1638 3867 iam

306 3903 472 3970 ridebatur
492 3901 570 3968 illud
592 3899 625 3964 in
647 3919 716 3975 me,
746 3898 900 3985 quidquid
922 3907 1023 3977 esset,
1057 3919 1126 3965 esse
1147 3899 1322 3986 perfectum
1345 3906 1377 3964 et
1396 3899 1516 3963 babere
1537 3905 1639 3962 matu·

306 4001 433 4066 ritatem
453 3994 610 4084 quandam
631 4011 732 4058 susm.
777 3993 877 4058 Nimis
908 3993 1006 4060 multa
1034 3991 1147 4060 videor
1175 3991 1215 4059 de
1244 4013 1311 4070 ma,
1344 3995 1412 4080 ipse
1432 3993 1635 4079 praesertim

306 4099 363 4163 sed
385 4092 472 4161 omni
492 4093 565 4156 buic
588 4088 727 4154 sermoni
748 4088 944 4172 propositum
966 4095 1026 4163 est,
1052 4108 1116 4154 non
1131 4095 1167 4153 ut
1183 4087 1344 4174 ingenium
1366 4095 1399 4152 at
1420 4085 1635 4176 eloquentiam

143 4183 205 4286 du
306 4209 410 4257 meam
442 4184 631 4272 perspicias,
664 4179 749 4248 unde
777 4179 872 4266 longa
902 4185 1029 4260 absum,
1063 4185 1119 4250 sed
1147 4191 1183 4249 ut
1207 4182 1349 4249 laborem
1378 4187 1410 4246 et
1437 4183 1634 4247 industriam.

136 4286 169 4312 Ψ
270 4275 381 4350 caut
406 4283 485 4348 Cum
506 4282 604 4365 igitur
624 4297 727 4344 essem
747 4275 781 4341 in
803 4275 946 4361 plurimis
968 4280 1071 4356 causis
1090 4286 1122 4343 et
1135 4277 1168 4343 in
1182 4274 1377 4364 principibus
1391 4277 1531 4362 patronis
1545 4277 1637 4361 quin-

307 4375 480 4468 quennium
499 4373 569 4441 lere
588 4379 749 4448 versutus,
773 4378 839 4436 tum
860 4373 894 4436 in
914 4374 1091 4458 patrocinio
1107 4372 1262 4439 Siciliensi
1277 4371 1414 4438 maxime
1427 4373 1460 4437 in
1474 4379 1635 4436 certamen

183 4469 203 4535 ,f
305 4475 381 4545 reni
401 4470 582 4556 designatus
603 4466 714 4533 aedilis
736 4485 808 4532 oum
834 4464 998 4552 designato
1026 4467 1156 4552 consule
1183 4468 1367 4532 Hortensio.
1409 4467 1522 4532 xutu
1555 4465 1635 4544 Sed,

172 4566 179 4598 ³
305 4567 456 4660 quonism
484 4565 587 4632 omnis
614 4565 665 4628 bic
687 4581 794 4628 sermo
814 4571 923 4630 noster
943 4583 1007 4629 non
1028 4561 1132 4629 solum
1153 4561 1426 4628 enumerationem
1447 4558 1633 4638 oratoriam,

377 4752 405 4805 3.
426 4750 533 4817 swtum
550 4746 614 4802 Ver.
634 4749 661 4799 tn
681 4760 732 4812 mg.
752 4747 879 4812 Repatttt
898 4747 991 4801 bamb.
1010 4771 1043 4786 -
1062 4747 1107 4798 17.
1126 4745 1339 4814 1111001111ωο.
1358 4745 1404 4811 lq.
1426 4745 1556 4812 plerique,
1580 4743 1633 4796 tiu.

308 4826 335 4878 1.
353 4825 381 4878 3.
401 4823 497 4876 licead.
518 4819 585 4872 ltdd.
607 4819 751 4883 pleraeque
778 4826 840 4871 ante
859 4818 973 4884 Herses·
1002 4825 1029 4872 et
1046 4819 1120 4872 Han.
1147 4817 1293 4882 (Pluralem
1312 4819 1440 4881 praebent
1457 4815 1503 4880 ng.
1523 4817 1568 4867 30.
1587 4816 1634 4867 35.

306 4895 354 4950 33.
371 4895 417 4948 33.
437 4893 482 4945 bd.
502 4893 570 4945 Van.
591 4892 617 4941 1.
637 4886 737 4956 11)-
756 4889 800 4942 10.
820 4888 1085 4942 remeabamus
1113 4889 1244 4942 reddunt
1262 4903 1324 4941 cum
1343 4889 1416 4940 ltbrls
1435 4887 1467 4938 Ε.
1494 4911 1527 4924 -
1550 4885 1636 4949 defu·-

305 4965 552 5019 centulensium:
578 4963 724 5028 resmerot
743 4971 803 5012 eom
822 4959 894 5012 llbrts
913 4961 946 5010 u.
966 4983 999 4998 -
1029 4961 1149 5023 eorporis
1167 4959 1228 5011 llbrl
1246 4966 1351 5023 praeter
1368 4959 1403 5011 b.
1422 4957 1512 5010 ottob.
1532 4957 1585 5009 (lu.
1606 4959 1633 5010 1.

306 5037 445 5091 3111110.
464 5035 498 5085 Ut
510 5045 569 5096 noa,
589 5035 643 5085 lam
654 5032 738 5083 Aldus
757 5042 840 5094 nepos
859 5039 886 5085 et
903 5031 966 5083 ltrn.
988 5044 1020 5084 ex
1038 5031 1108 5082 cont.
1121 5054 1154 5067 -
1172 5030 1218 5084 35.
1237 5044 1271 5085 ao
1287 5031 1334 5098 bg.
1349 5043 1463 5094 norem,
1482 5027 1573 5082 octob.
1591 5027 1634 5082 31

308 5121 323 5162 s
341 5119 402 5162 eam
419 5105 478 5160 stlta
496 5105 529 5157 u.
549 5125 580 5143 -
598 5100 645 5158 33.
664 5107 806 5155 oratorum
823 5100 940 5156 corrado
958 5109 1066 5156 auctore
1084 5099 1179 5154 bamb.
