3714 5844
639 490 717 555 LIB.
742 486 783 554 ll.
828 485 863 554 C.
888 491 941 554 22.
964 487 1017 555 23.
1033 483 1091 554 ld.
1302 489 1307 498 '
1473 481 1533 555 145

208 679 272 744 quo
305 655 367 721 iam
397 661 470 719 ante
500 649 654 717 sententia
687 649 819 716 alicuius
850 656 905 715 aut
932 649 1111 736 aliquorum
1139 649 1343 714 constitutum
1365 654 1423 714 est.
1467 650 1535 716 Iam

208 755 278 817 iura
299 749 439 836 legitima
461 746 646 830 exlegibus
669 745 816 830 cognosci
839 741 1006 829 oportebit.
1049 746 1106 808 His
1128 763 1205 829 ergo
1227 763 1268 809 ex
1289 745 1432 830 partibus
1446 743 1534 819 iuris,

208 846 360 934 quidquid
390 852 445 909 aut
476 862 517 906 ex
549 843 618 927 ipsa
646 863 681 905 ra
710 847 763 905 aut
791 860 831 904 cx
863 838 956 904 simili
986 847 1040 903 aut
1062 859 1102 903 ex
1123 839 1243 904 maiore
1264 840 1426 904 minoreve
1449 838 1536 904 nasci

208 939 385 1016 videbitur,
423 939 584 1003 attendere
619 946 713 1022 atque
749 935 866 1000 elicere
900 930 1107 1020 pertentando
1140 954 1235 998 unam
1267 954 1425 1020 quamque
1456 934 1534 999 inris

207 1043 328 1122 partem
351 1029 523 1118 oportebit.
568 1032 725 1095 Locorum
748 1037 851 1093 autem
866 1027 1078 1094 communium
1098 1028 1248 1113 qnoniam
1271 1036 1318 1110 (ut
1331 1037 1402 1094 ante
1417 1027 1559 1096 dictums

209 1133 269 1206 est)
292 1130 356 1194 duo
379 1147 494 1212 genera
515 1133 600 1199 sunt,
631 1145 766 1210 quorum
787 1125 921 1190 alterum
944 1121 1057 1187 dubiae
1077 1124 1146 1201 rei,
1180 1126 1313 1188 alterum
1335 1132 1438 1188 certae
1460 1144 1536 1190 con-

208 1223 286 1286 tinet
308 1219 597 1307 amplificationem,
621 1217 697 1303 quid
718 1217 786 1302 ipsa
808 1239 901 1284 causa
923 1216 975 1282 det
998 1228 1030 1283 et
1051 1220 1126 1306 quid
1141 1221 1250 1305 augeri
1264 1239 1322 1306 per
1336 1241 1535 1286 communem

208 1319 313 1382 locum
335 1315 435 1402 possit
456 1323 488 1380 et
509 1319 668 1398 oporteat,
693 1313 953 1378 considerabitur.
998 1316 1075 1377 Nam
1096 1317 1189 1389 corti,
1212 1314 1266 1400 qui
1287 1313 1321 1378 in
1335 1333 1443 1380 omnes
1458 1316 1536 1379 inci-

209 1414 301 1487 dant,
337 1409 399 1474 loci
426 1406 596 1494 praescribi
624 1428 689 1472 non
715 1414 865 1494 possunt;
899 1405 934 1471 in
955 1406 1115 1492 plerisque
1136 1407 1268 1474 fortasse
1290 1407 1330 1474 ab
1352 1413 1536 1475 auctoritate

194 1505 287 1570 *ioris
315 1506 531 1569 consultorum
560 1509 593 1567 et
621 1508 731 1566 contra
758 1503 977 1567 auctoritatem
999 1502 1061 1566 dici
1084 1503 1255 1588 oportebit.
1301 1505 1533 1580 Attendendum
1546 1527 1573 1568 so

209 1607 382 1665 astantem
405 1599 490 1664 etin
511 1599 570 1661 bac
592 1603 624 1661 et
645 1595 678 1659 in
699 1597 864 1671 omnibus,
898 1616 972 1661 num
995 1617 1075 1682 qnos
1097 1600 1185 1664 locos
1207 1617 1390 1663 communes
1411 1605 1536 1682 praeter

209 1715 283 1772 eos,
318 1713 398 1779 quos
427 1713 486 1757 nos
508 1689 730 1775 exposuimus,
768 1689 838 1773 ipsa
857 1708 910 1755 res
932 1694 1085 1758 ostendat.
1129 1695 1218 1758 Nunc
1239 1691 1415 1760 iuridiciale
1437 1713 1537 1778 genus

209 1798 242 1855 et
261 1798 366 1874 partes
389 1786 457 1853 eius
479 1785 725 1851 consideremus.
1427 1857 1431 1862 ¹

291 1885 408 1948 Xlllll.
442 1884 494 1951 69.
527 1878 713 1944 Iuridicialis
735 1885 801 1956 est,
827 1878 860 1946 in
883 1901 945 1965 qna
967 1877 1059 1967 aequi
1082 1889 1114 1947 ct
1136 1879 1236 1969 iniqui
1257 1891 1366 1948 natura
1391 1891 1424 1948 et
1443 1903 1538 1968 pree·

210 1977 265 2044 mii
286 1989 340 2045 aut
359 1997 481 2065 poenae
501 1974 583 2041 ratio
606 1973 781 2060 quaeritur.
826 1973 929 2041 Huius
950 1987 1055 2061 partes
1077 1985 1149 2041 sunt
1170 1979 1270 2073 duae,
1305 1999 1439 2064 quaram
1461 1981 1573 2044 alto-ss

210 2095 276 2139 ram
298 2073 492 2148 absolutam,
526 2068 748 2156 assumptivam
770 2068 899 2135 alteram
920 2069 1128 2139 nominamus.
1173 2070 1325 2138 Absoluta
1353 2081 1417 2150 est,
1456 2093 1538 2158 quae

208 2169 277 2256 ipsa
306 2170 338 2234 in
367 2191 401 2235 se
429 2187 492 2232 non
524 2173 560 2230 ut
586 2163 751 2249 negotialis
777 2163 927 2251 implicite
955 2173 986 2232 et
1014 2163 1198 2231 abscondite
1233 2168 1289 2231 sed
1317 2171 1474 2253 patentius
1506 2179 1538 2236 et

210 2262 386 2350 expeditius
407 2260 484 2326 recti
506 2268 538 2324 et
559 2279 622 2324 non
644 2258 725 2322 recti
746 2260 964 2343 quaestionem
986 2261 1135 2326 continet.
1181 2263 1228 2324 Ea
1243 2268 1292 2326 est
1305 2259 1536 2330 huiuscemodi:

210 2361 288 2424 Cum
310 2354 451 2422 Thebani
472 2351 739 2419 Lacedaemonios
760 2349 845 2418 bello
866 2362 1068 2440 superassent
1088 2364 1120 2419 et
1140 2352 1207 2420 lere
1227 2375 1297 2420 mos
1319 2365 1401 2421 esset
1423 2359 1535 2434 Graiis,

210 2471 282 2516 cunr
303 2450 386 2516 inter
407 2472 441 2516 se
463 2447 582 2514 bellum
604 2446 789 2532 gessissent,
822 2454 858 2512 ut
878 2446 920 2524 ii,
954 2448 1009 2534 qui
1032 2451 1193 2524 vicissent,
1222 2455 1388 2532 tropaeum
1409 2450 1538 2536 aliquod
1546 2468 1575 2510 ss

210 2544 244 2609 in
258 2542 372 2609 finibus
386 2550 558 2610 statuerent
579 2539 728 2607 victoriae
751 2543 846 2607 modo
867 2540 901 2607 in
921 2545 1099 2629 praesentia
1113 2541 1321 2608 declarandae
1342 2564 1449 2622 causa,
1473 2567 1538 2612 non

211 2648 246 2705 ut
266 2641 299 2703 in
319 2647 506 2725 perpetuum
528 2634 605 2701 belli
635 2633 789 2699 memoria
810 2645 970 2714 maneret,
1007 2657 1139 2703 aeneum
1161 2643 1336 2703 statuerunt
1357 2647 1534 2723 tropaeum.

210 2738 404 2800 Accusantur
424 2731 508 2817 apud
529 2728 792 2814 Amphictyonas,
818 2729 851 2795 id
873 2739 936 2810 est,
966 2735 1051 2817 apud
1073 2751 1239 2797 commune
1262 2732 1411 2798 Graeciae
1433 2736 1539 2801 conci-

211 2830 298 2895 lium
340 2833 392 2894 70.
417 2828 552 2892 Intentio
568 2833 632 2890 est:
657 2827 728 2889 Non
742 2825 893 2910 oportuit.
936 2827 1087 2914 Depnlsio
1103 2834 1166 2892 est:
1192 2827 1350 2912 Oportuit.
1380 2823 1536 2905 'Quaestio

211 2931 274 2988 est:
299 2922 546 3007 Oportueritnc‘l
575 2920 666 2984 Ratio
691 2927 755 2985 est:
777 2923 855 2985 Eam
877 2923 961 2988 enim
983 2943 1024 2986 ex
1044 2919 1129 2986 bello
1151 2919 1282 3006 gloriam
1305 2921 1419 2986 virtute
1441 2943 1538 3010 pepe-
1546 2937 1574 2980 ss

211 3016 328 3094 rimus,
365 3026 401 3082 ut
429 3018 498 3082 eius
530 3023 659 3080 aeterna
687 3014 822 3099 insignia
849 3015 984 3103 posteris
1016 3018 1133 3082 nostris
1164 3017 1344 3100 relinquere
1376 3017 1537 3083 vellemus.

211 3109 381 3177 Infirmatio
404 3119 466 3176 est:
496 3112 642 3175 Attamen
663 3103 826 3175 aeternum
846 3111 1080 3176 inimicitiarum
1101 3117 1340 3176 monumentum
1363 3112 1475 3178 Graios
1497 3116 1537 3178 de

213 3207 314 3271 Graiis
336 3212 474 3271 statuere
493 3225 557 3269 non
581 3211 717 3290 oportet.
762 3202 914 3271 iudicatio
936 3214 1000 3272 est:
1024 3205 1101 3269 Gnm
1123 3225 1264 3271 summae
1285 3205 1410 3271 virtutis
1425 3227 1538 3272 conce·

211 3297 379 3365 lebrandae
409 3319 502 3364 causa
530 3300 616 3365 Graii
646 3301 686 3363 de
715 3299 816 3365 Graiis
845 3310 1024 3366 aeternum.
1037 3298 1270 3365 inimicitiarum
1297 3308 1537 3366 monumentum

212 3401 404 3470 statuerant,
427 3400 555 3458 rectene
578 3413 619 3457 an
641 3401 750 3458 contra
770 3392 927 3459 iecerint?
956 3397 1044 3458 lianc
1064 3391 1137 3458 ideo
1160 3394 1316 3459 rationem
1332 3396 1574 3472 subiectionem

211 3496 248 3554 ut
268 3490 330 3553 boc
351 3508 463 3554 consae
491 3507 590 3573 genus
617 3485 738 3573 ipsum,
777 3485 816 3552 de
846 3509 909 3576 quo
938 3488 1077 3573 agimus,
1111 3496 1365 3571 cognosceretur.
1409 3492 1489 3554 Nem
1510 3489 1538 3555 si

213 3603 285 3648 eam
306 3584 595 3669 supposuissemus,
627 3603 690 3666 qua
710 3583 843 3648 fortasse
864 3585 915 3649 usi
936 3590 1022 3648 sunt:
1059 3585 1129 3646 Non
1151 3586 1235 3648 enim
1257 3585 1337 3648 iuste
1357 3603 1462 3669 neque
1483 3586 1537 3670 pie

211 3675 329 3744 bellum
351 3677 509 3762 gessistis;
533 3677 566 3740 in
586 3676 774 3741 relationem
796 3674 935 3742 criminis
951 3674 1189 3753 delaberemur,
1213 3682 1252 3744 de
1266 3697 1328 3764 qua
1341 3686 1413 3764 post
1427 3681 1538 3764 loque·

212 3793 296 3838 mnr.
340 3774 512 3858 Utrumque
541 3777 648 3836 antem
677 3791 790 3835 causae
819 3791 917 3855 genas
944 3773 978 3836 in
1004 3773 1085 3836 hanc
1107 3791 1232 3836 causam
1255 3770 1395 3837 incidere
1415 3771 1538 3859 perspi-

212 3886 306 3932 cuum
328 3873 386 3931 est.
430 3871 466 3932 ln
487 3867 569 3930 hanc
589 3867 877 3948 argumentationes
898 3886 938 3931 ex
952 3865 1066 3932 iisdem
1079 3867 1158 3931 locis
1173 3865 1342 3932 sumendae
1357 3875 1428 3932 sunt
1442 3875 1572 3954 atquess

213 3962 246 4028 in
269 3983 393 4028 causam
414 3957 618 4046 negotialem,
646 3979 708 4044 qna
729 3960 769 4023 de
790 3967 861 4024 ante
883 3958 999 4026 dictum
1023 3966 1081 4025 est.
1126 3964 1177 4026 ιι.
1200 3964 1301 4027 Locos
1322 3969 1427 4027 autem
1451 3981 1537 4026 com·

212 4077 325 4123 munes
346 4065 440 4122 etex
462 4074 555 4120 causa
575 4055 662 4137 ipsa,
697 4054 724 4116 si
754 4053 829 4140 quid
855 4057 949 4121 inerit
969 4053 1191 4140 indignationis
1212 4063 1266 4120 ant
1287 4057 1534 4141 conquestionis,

213 4160 247 4217 et
267 4171 306 4216 ex
325 4149 403 4217 inris
421 4149 553 4216 utilitate
576 4159 608 4216 et
626 4157 740 4214 natura
759 4150 876 4215 multos
897 4157 929 4214 et
949 4169 1062 4236 graves
1083 4169 1209 4216 sumere
1229 4148 1336 4216 licebit
1357 4159 1537 4236 et‘oporte·

212 4247 278 4321 bit,
312 4248 338 4310 si
360 4265 470 4311 causae
491 4244 626 4328 dignitas
647 4240 806 4310 videbitur
826 4247 998 4332 postulare.
1042 4247 1158 4315 xxiv.
1193 4247 1284 4310 Nunc
1311 4243 1535 4331 assumptivam

213 4348 335 4424 partem
356 4337 539 4405 iuridicialis
563 4336 811 4405 consideremus.
1544 4365 1573 4408 ω

1317 4495 1529 4513 ,Ἣ

283 4599 310 4652 8.
329 4605 377 4652 out
393 4599 495 4649 emtore
512 4595 566 4650 ra.
587 4595 632 4664 (tls
648 4611 716 4660 nos,
735 4593 804 4663 Vb.)
823 4621 854 4634 -
873 4597 900 4651 4.
919 4611 1043 4664 quaeqae
1061 4597 1197 4649 attendere
1213 4595 1253 4661 V,
1278 4600 1385 4666 qotsqus
1402 4598 1536 4651 attendere
1566 4645 1571 4654 .

213 4666 530 4736 1t.(11snos,1>a.)-
561 4671 629 4722 turis
643 4676 749 4734 partem
765 4669 853 4719 Psilis
876 4675 980 4732 portem
997 4670 1065 4719 iuris
1084 4669 1115 4718 ιι.
1137 4693 1167 4707 -
1195 4669 1223 4722 b.
1242 4671 1343 4722 debebit
1361 4670 1419 4721 vlt.
1448 4695 1480 4707 -
1507 4671 1535 4722 a.

215 4755 313 4809 penora
329 4747 391 4794 sont
407 4741 496 4792 PAR:
516 4745 691 4806 sentuosum
709 4741 741 4790 li.
770 4765 803 4776 -
830 4739 857 4789 a.
879 4740 1008 4800 perscribi
1026 4739 1186 4792 Victorinus·
1223 4740 1258 4791 Αι
1275 4743 1335 4794 slde
1353 4741 1418 4804 cap.
1438 4743 1482 4792 ιι.
1502 4765 1537 4778 -

214 4816 259 4867 1⁰.
278 4813 340 4865 dcet
357 4813 442 4865 codd.
462 4811 532 4863 θυι.
552 4820 658 4874 praeter
675 4825 715 4873 pr.
735 4809 825 4861 sebot.
845 4812 903 4871 lpso
922 4811 1061 4872 probante.
1081 4811 1135 4862 Sed
1153 4826 1179 4864 s.
1194 4811 1257 4863 llrn.
1277 4812 1321 4876 (ιιι
1333 4826 1398 4874 nos,
1430 4815 1536 4870 nostrl.)

213 4885 309 4935 -1s.
330 4897 396 4948 quos
412 4895 460 4934 ssos
479 4884 632 4944 seponimus
649 4882 738 4932 rsa:
758 4892 824 4945 quos
842 4883 997 4944 erponisrsus
1015 4882 1078 4945 (orn.
1097 4881 1157 4947 που)
1177 4883 1208 4933 ιι.
1234 4907 1266 4919 -
1297 4883 1340 4934 ιιι.
1360 4885 1537 4936 huiuscemodi

214 4956 251 5007 Pa
271 4953 418 5006 huiusmodi
436 4953 516 5004 altit.
538 4971 567 4988 -·
587 4953 631 5003 ιιι.
649 4957 815 5017 superassent
831 4951 872 5006 lt.
892 4950 966 5002 Leld.
985 4950 1040 5010 ll.,
1059 4953 1100 5002 bs
1119 4955 1318 5014 superavissent
1335 4953 1413 5005 PAR.
1435 4977 1465 4991 —
1490 4955 1535 5007 21.

213 5029 244 5092 tes
259 5027 438 5088 promentium
455 5020 485 5075 P.
504 5047 538 5058 -
567 5023 612 5072 2³.
630 5023 659 5073 td
677 5029 715 5074 est
731 5047 743 5059 -
759 5047 770 5059 ·
787 5021 926 5074 conessum
943 5029 1066 5080 suspects
1084 5023 1150 5076 bses
1167 5025 1296 5075 bsnrbtnc
1315 5025 1368 5076 del.
1387 5023 1534 5077 Sebutztus.

216 5121 248 5136 -·
268 5095 312 5148 ιδ.
332 5095 551 5147 eooedsbrossdos
568 5094 638 5145 PAR
654 5095 773 5156 siliquas
792 5091 962 5146 celebrandae
979 5092 1011 5143 ιι.
1039 5117 1072 5131 -
1101 5096 1146 5148 ιιι).
1173 5101 1327 5150 statuerent
1343 5097 1413 5150 ΡΔιι
1431 5100 1536 5160 optimi·

216 5182 269 5236 qus
289 5167 377 5220 θυι..
396 5167 505 5220 bamb:
523 5166 666 5218 statuerint
684 5165 715 5215 ιι.

273 5263 412 5312 emens
1162 5261 1202 5327 10
