<?xml version="1.0" encoding="UTF-8"?>
<!DOCTYPE html PUBLIC "-//W3C//DTD XHTML 1.0 Transitional//EN"
    "http://www.w3.org/TR/xhtml1/DTD/xhtml1-transitional.dtd">
<html xmlns="http://www.w3.org/1999/xhtml" xml:lang="en" lang="en">
 <head>
  <title>
</title>
<meta http-equiv="Content-Type" content="text/html;charset=utf-8" />
  <meta name='ocr-system' content='tesseract 3.04.00' />
  <meta name='ocr-capabilities' content='ocr_page ocr_carea ocr_par ocr_line ocrx_word'/>
</head>
<body>
  <div class='ocr_page' id='page_1' title='image "./mtulliiciceroni05baitgoog_0459.png"; bbox 0 0 3746 5850; ppageno 0'>
   <div class='ocr_carea' id='block_1_1' title="bbox 334 424 1078 496">
    <p class='ocr_par' dir='ltr' id='par_1_1' title="bbox 334 424 1078 496">
     <span class='ocr_line' id='line_1_1' title="bbox 334 424 1078 496; baseline 0.003 -4"><span class='ocrx_word' id='word_1_1' title='bbox 334 425 398 496; x_wconf 76' lang='lat' dir='ltr'><strong>teo</strong></span> <span class='ocrx_word' id='word_1_2' title='bbox 914 424 1078 494; x_wconf 78' lang='lat' dir='ltr'>ORATOR</span> 
     </span>
    </p>
   </div>
   <div class='ocr_carea' id='block_1_2' title="bbox 291 579 1661 4754">
    <p class='ocr_par' dir='ltr' id='par_1_2' title="bbox 291 579 1661 3129">
     <span class='ocr_line' id='line_1_2' title="bbox 331 579 1661 672; baseline -0.002 -16"><span class='ocrx_word' id='word_1_3' title='bbox 331 595 415 666; x_wconf 85' lang='lat' dir='ltr'><strong>tres,</strong></span> <span class='ocrx_word' id='word_1_4' title='bbox 451 604 600 654; x_wconf 86' lang='lat' dir='ltr'><strong>numerus</strong></span> <span class='ocrx_word' id='word_1_5' title='bbox 621 605 641 652; x_wconf 89' lang='lat' dir='ltr'><strong>a</strong></span> <span class='ocrx_word' id='word_1_6' title='bbox 661 581 864 672; x_wconf 86' lang='lat' dir='ltr'><strong>quibusdem,</strong></span> <span class='ocrx_word' id='word_1_7' title='bbox 900 604 964 652; x_wconf 90' lang='lat' dir='ltr'><strong>non</strong></span> <span class='ocrx_word' id='word_1_8' title='bbox 994 605 1052 670; x_wconf 92' lang='lat' dir='ltr'><strong>pes</strong></span> <span class='ocrx_word' id='word_1_9' title='bbox 1075 579 1221 652; x_wconf 89' lang='lat' dir='ltr'><strong>habetur.</strong></span> <span class='ocrx_word' id='word_1_10' title='bbox 1262 584 1319 650; x_wconf 86' lang='lat' dir='ltr'><strong>Est</strong></span> <span class='ocrx_word' id='word_1_11' title='bbox 1339 580 1485 670; x_wconf 91' lang='lat' dir='ltr'><strong>quidem,</strong></span> <span class='ocrx_word' id='word_1_12' title='bbox 1519 591 1556 652; x_wconf 93' lang='lat' dir='ltr'><strong>ut</strong></span> <span class='ocrx_word' id='word_1_13' title='bbox 1575 581 1661 653; x_wconf 89' lang='lat' dir='ltr'><strong>iuter</strong></span> 
     </span>
     <span class='ocr_line' id='line_1_3' title="bbox 333 677 1657 774; baseline -0.001 -27"><span class='ocrx_word' id='word_1_14' title='bbox 333 702 444 750; x_wconf 85' lang='lat' dir='ltr'><strong>omnes</strong></span> <span class='ocrx_word' id='word_1_15' title='bbox 458 687 580 748; x_wconf 88' lang='lat' dir='ltr'><strong>constet</strong></span> <span class='ocrx_word' id='word_1_16' title='bbox 592 677 756 766; x_wconf 90' lang='lat' dir='ltr'><strong>antiquos,</strong></span> <span class='ocrx_word' id='word_1_17' title='bbox 777 678 993 774; x_wconf 74' lang='lat' dir='ltr'><strong>Aristotelem,</strong></span> <span class='ocrx_word' id='word_1_18' title='bbox 1017 681 1287 768; x_wconf 75' lang='lat' dir='ltr'><strong>Theophrastum,</strong></span> <span class='ocrx_word' id='word_1_19' title='bbox 1306 681 1533 753; x_wconf 87' lang='lat' dir='ltr'><strong>Theodectcm‚</strong></span> <span class='ocrx_word' id='word_1_20' title='bbox 1548 682 1657 766; x_wconf 87' lang='lat' dir='ltr'><strong>Epho-</strong></span> 
     </span>
     <span class='ocr_line' id='line_1_4' title="bbox 332 771 1655 863; baseline -0.004 -19"><span class='ocrx_word' id='word_1_21' title='bbox 332 797 423 855; x_wconf 86' lang='lat' dir='ltr'>rum,</span> <span class='ocrx_word' id='word_1_22' title='bbox 450 797 532 844; x_wconf 88' lang='lat' dir='ltr'><strong>unus</strong></span> <span class='ocrx_word' id='word_1_23' title='bbox 554 776 731 863; x_wconf 88' lang='lat' dir='ltr'><strong>aptissimus</strong></span> <span class='ocrx_word' id='word_1_24' title='bbox 753 775 888 841; x_wconf 86' lang='lat' dir='ltr'><strong>orationi</strong></span> <span class='ocrx_word' id='word_1_25' title='bbox 911 777 961 840; x_wconf 84' lang='lat' dir='ltr'><strong>sel</strong></span> <span class='ocrx_word' id='word_1_26' title='bbox 983 773 1098 840; x_wconf 81' lang='lat' dir='ltr'><strong>orienti</strong></span> <span class='ocrx_word' id='word_1_27' title='bbox 1121 772 1171 839; x_wconf 87' lang='lat' dir='ltr'><strong>rel</strong></span> <span class='ocrx_word' id='word_1_28' title='bbox 1193 771 1328 853; x_wconf 80' lang='lat' dir='ltr'><strong>mediae3</strong></span> <span class='ocrx_word' id='word_1_29' title='bbox 1363 780 1474 859; x_wconf 89' lang='lat' dir='ltr'><strong>putant</strong></span> <span class='ocrx_word' id='word_1_30' title='bbox 1494 772 1538 839; x_wconf 89' lang='lat' dir='ltr'><strong>illi</strong></span> <span class='ocrx_word' id='word_1_31' title='bbox 1559 773 1655 840; x_wconf 89' lang='lat' dir='ltr'><strong>etiarn</strong></span> 
     </span>
     <span class='ocr_line' id='line_1_5' title="bbox 332 865 1657 956; baseline -0.002 -20"><span class='ocrx_word' id='word_1_32' title='bbox 332 870 471 945; x_wconf 83' lang='lat' dir='ltr'><strong>cadenti,</strong></span> <span class='ocrx_word' id='word_1_33' title='bbox 494 892 557 956; x_wconf 91' lang='lat' dir='ltr'><strong>quo</strong></span> <span class='ocrx_word' id='word_1_34' title='bbox 579 871 651 936; x_wconf 86' lang='lat' dir='ltr'><strong>loco</strong></span> <span class='ocrx_word' id='word_1_35' title='bbox 673 866 750 934; x_wconf 90' lang='lat' dir='ltr'><strong>mibi</strong></span> <span class='ocrx_word' id='word_1_36' title='bbox 772 867 895 936; x_wconf 81' lang='lat' dir='ltr'><strong>videtur</strong></span> <span class='ocrx_word' id='word_1_37' title='bbox 916 871 1020 952; x_wconf 90' lang='lat' dir='ltr'><strong>aptior</strong></span> <span class='ocrx_word' id='word_1_38' title='bbox 1036 867 1182 934; x_wconf 86' lang='lat' dir='ltr'><strong>creticus.</strong></span> <span class='ocrx_word' id='word_1_39' title='bbox 1225 865 1397 934; x_wconf 81' lang='lat' dir='ltr'><strong>Dochmius</strong></span> <span class='ocrx_word' id='word_1_40' title='bbox 1412 877 1516 934; x_wconf 87' lang='lat' dir='ltr'><strong>antem</strong></span> <span class='ocrx_word' id='word_1_41' title='bbox 1531 889 1549 934; x_wconf 88' lang='lat' dir='ltr'><strong>e</strong></span> <span class='ocrx_word' id='word_1_42' title='bbox 1564 868 1657 954; x_wconf 92' lang='lat' dir='ltr'><strong>quiu-</strong></span> 
     </span>
     <span class='ocr_line' id='line_1_6' title="bbox 310 960 1659 1053; baseline -0.002 -20"><span class='ocrx_word' id='word_1_43' title='bbox 310 985 395 1053; x_wconf 84' lang='lat' dir='ltr'><strong>sque</strong></span> <span class='ocrx_word' id='word_1_44' title='bbox 416 962 560 1051; x_wconf 78' lang='lat' dir='ltr'><strong>syllabis,</strong></span> <span class='ocrx_word' id='word_1_45' title='bbox 582 962 687 1039; x_wconf 79' lang='lat' dir='ltr'><strong>brevi,</strong></span> <span class='ocrx_word' id='word_1_46' title='bbox 711 966 833 1030; x_wconf 87' lang='lat' dir='ltr'><strong>duabus</strong></span> <span class='ocrx_word' id='word_1_47' title='bbox 854 963 976 1048; x_wconf 81' lang='lat' dir='ltr'><strong>longis,</strong></span> <span class='ocrx_word' id='word_1_48' title='bbox 998 965 1107 1040; x_wconf 84' lang='lat' dir='ltr'><strong>brari,</strong></span> <span class='ocrx_word' id='word_1_49' title='bbox 1130 960 1242 1048; x_wconf 83' lang='lat' dir='ltr'><strong>longa,</strong></span> <span class='ocrx_word' id='word_1_50' title='bbox 1265 971 1301 1028; x_wconf 90' lang='lat' dir='ltr'><strong>ut</strong></span> <span class='ocrx_word' id='word_1_51' title='bbox 1322 971 1372 1028; x_wconf 89' lang='lat' dir='ltr'><strong>est</strong></span> <span class='ocrx_word' id='word_1_52' title='bbox 1392 961 1471 1041; x_wconf 92' lang='lat' dir='ltr'><strong>hoc,</strong></span> <span class='ocrx_word' id='word_1_53' title='bbox 1499 965 1659 1030; x_wconf 81' lang='lat' dir='ltr'><strong>Amicos</strong></span> 
     </span>
     <span class='ocr_line' id='line_1_7' title="bbox 331 1055 1660 1145; baseline -0.001 -21"><span class='ocrx_word' id='word_1_54' title='bbox 331 1067 463 1136; x_wconf 90' lang='lat' dir='ltr'><strong>tenes,</strong></span> <span class='ocrx_word' id='word_1_55' title='bbox 496 1057 608 1145; x_wconf 85' lang='lat' dir='ltr'><strong>quovis</strong></span> <span class='ocrx_word' id='word_1_56' title='bbox 628 1056 699 1124; x_wconf 91' lang='lat' dir='ltr'><strong>loco</strong></span> <span class='ocrx_word' id='word_1_57' title='bbox 720 1067 813 1143; x_wconf 90' lang='lat' dir='ltr'><strong>aptus</strong></span> <span class='ocrx_word' id='word_1_58' title='bbox 835 1067 897 1136; x_wconf 89' lang='lat' dir='ltr'><strong>est,</strong></span> <span class='ocrx_word' id='word_1_59' title='bbox 931 1061 1007 1124; x_wconf 90' lang='lat' dir='ltr'><strong>dum</strong></span> <span class='ocrx_word' id='word_1_60' title='bbox 1028 1055 1126 1124; x_wconf 90' lang='lat' dir='ltr'><strong>semel</strong></span> <span class='ocrx_word' id='word_1_61' title='bbox 1147 1066 1299 1144; x_wconf 89' lang='lat' dir='ltr'><strong>ponatur:</strong></span> <span class='ocrx_word' id='word_1_62' title='bbox 1335 1062 1465 1136; x_wconf 83' lang='lat' dir='ltr'><strong>iteratus</strong></span> <span class='ocrx_word' id='word_1_63' title='bbox 1487 1066 1542 1124; x_wconf 88' lang='lat' dir='ltr'><strong>aut</strong></span> <span class='ocrx_word' id='word_1_64' title='bbox 1561 1059 1660 1126; x_wconf 90' lang='lat' dir='ltr'><strong>couti·</strong></span> 
     </span>
     <span class='ocr_line' id='line_1_8' title="bbox 331 1152 1659 1237; baseline -0.001 -16"><span class='ocrx_word' id='word_1_65' title='bbox 331 1161 445 1222; x_wconf 88' lang='lat' dir='ltr'><strong>nuatus</strong></span> <span class='ocrx_word' id='word_1_66' title='bbox 465 1175 631 1220; x_wconf 91' lang='lat' dir='ltr'><strong>numerum</strong></span> <span class='ocrx_word' id='word_1_67' title='bbox 652 1161 798 1236; x_wconf 87' lang='lat' dir='ltr'><strong>apertum</strong></span> <span class='ocrx_word' id='word_1_68' title='bbox 813 1161 844 1218; x_wconf 93' lang='lat' dir='ltr'><strong>et</strong></span> <span class='ocrx_word' id='word_1_69' title='bbox 858 1153 950 1220; x_wconf 89' lang='lat' dir='ltr'><strong>nimis</strong></span> <span class='ocrx_word' id='word_1_70' title='bbox 964 1152 1118 1237; x_wconf 83' lang='lat' dir='ltr'><strong>insignem</strong></span> <span class='ocrx_word' id='word_1_71' title='bbox 1139 1153 1225 1220; x_wconf 84' lang='lat' dir='ltr'><strong>lacit.</strong></span> <span class='ocrx_word' id='word_1_72' title='bbox 1268 1156 1365 1221; x_wconf 85' lang='lat' dir='ltr'><strong>LXV.</strong></span> <span class='ocrx_word' id='word_1_73' title='bbox 1390 1156 1462 1218; x_wconf 79' lang='lat'><strong>219.</strong></span> <span class='ocrx_word' id='word_1_74' title='bbox 1484 1155 1542 1218; x_wconf 84' lang='lat' dir='ltr'><strong>His</strong></span> <span class='ocrx_word' id='word_1_75' title='bbox 1563 1153 1659 1237; x_wconf 80' lang='lat' dir='ltr'><strong>igitur</strong></span> 
     </span>
     <span class='ocr_line' id='line_1_9' title="bbox 330 1247 1660 1334; baseline -0.003 -18"><span class='ocrx_word' id='word_1_76' title='bbox 330 1257 379 1316; x_wconf 88' lang='lat' dir='ltr'><strong>tot</strong></span> <span class='ocrx_word' id='word_1_77' title='bbox 399 1247 695 1316; x_wconf 87' lang='lat' dir='ltr'><strong>commutationibus</strong></span> <span class='ocrx_word' id='word_1_78' title='bbox 716 1258 843 1334; x_wconf 72' lang='lat' dir='ltr'><strong>umque</strong></span> <span class='ocrx_word' id='word_1_79' title='bbox 864 1247 960 1315; x_wconf 80' lang='lat' dir='ltr'><strong>variis</strong></span> <span class='ocrx_word' id='word_1_80' title='bbox 982 1250 1010 1314; x_wconf 89' lang='lat' dir='ltr'><strong>si</strong></span> <span class='ocrx_word' id='word_1_81' title='bbox 1029 1255 1172 1324; x_wconf 88' lang='lat' dir='ltr'><strong>utemur,</strong></span> <span class='ocrx_word' id='word_1_82' title='bbox 1201 1268 1261 1314; x_wconf 90' lang='lat' dir='ltr'><strong>nec</strong></span> <span class='ocrx_word' id='word_1_83' title='bbox 1283 1249 1537 1332; x_wconf 88' lang='lat' dir='ltr'><strong>deprehendetur</strong></span> <span class='ocrx_word' id='word_1_84' title='bbox 1559 1248 1660 1312; x_wconf 89' lang='lat' dir='ltr'><strong>mani-</strong></span> 
     </span>
     <span class='ocr_line' id='line_1_10' title="bbox 330 1339 1660 1431; baseline -0.003 -20"><span class='ocrx_word' id='word_1_85' title='bbox 330 1344 430 1424; x_wconf 84' lang='lat' dir='ltr'><strong>festo,</strong></span> <span class='ocrx_word' id='word_1_86' title='bbox 469 1342 545 1431; x_wconf 89' lang='lat' dir='ltr'><strong>quid</strong></span> <span class='ocrx_word' id='word_1_87' title='bbox 566 1364 584 1409; x_wconf 86' lang='lat' dir='ltr'><strong>a</strong></span> <span class='ocrx_word' id='word_1_88' title='bbox 605 1344 697 1411; x_wconf 88' lang='lat' dir='ltr'><strong>nobis</strong></span> <span class='ocrx_word' id='word_1_89' title='bbox 719 1345 759 1409; x_wconf 89' lang='lat' dir='ltr'><strong>de</strong></span> <span class='ocrx_word' id='word_1_90' title='bbox 780 1342 932 1410; x_wconf 86' lang='lat' dir='ltr'><strong>industria</strong></span> <span class='ocrx_word' id='word_1_91' title='bbox 958 1341 1027 1420; x_wconf 85' lang='lat' dir='ltr'><strong>fiat,</strong></span> <span class='ocrx_word' id='word_1_92' title='bbox 1064 1350 1097 1408; x_wconf 88' lang='lat' dir='ltr'><strong>et</strong></span> <span class='ocrx_word' id='word_1_93' title='bbox 1124 1349 1311 1409; x_wconf 85' lang='lat' dir='ltr'><strong>occurretur</strong></span> <span class='ocrx_word' id='word_1_94' title='bbox 1332 1343 1478 1408; x_wconf 81' lang='lat' dir='ltr'><strong>satietati.</strong></span> <span class='ocrx_word' id='word_1_95' title='bbox 1522 1345 1563 1408; x_wconf 85' lang='lat' dir='ltr'><strong>Et</strong></span> <span class='ocrx_word' id='word_1_96' title='bbox 1583 1339 1660 1430; x_wconf 84' lang='lat' dir='ltr'><strong>quia</strong></span> 
     </span>
     <span class='ocr_line' id='line_1_11' title="bbox 293 1435 1658 1524; baseline -0.004 -16"><span class='ocrx_word' id='word_1_97' title='bbox 293 1461 396 1508; x_wconf 80' lang='lat' dir='ltr'><strong>senon</strong></span> <span class='ocrx_word' id='word_1_98' title='bbox 416 1459 549 1506; x_wconf 89' lang='lat' dir='ltr'><strong>numero</strong></span> <span class='ocrx_word' id='word_1_99' title='bbox 571 1437 673 1506; x_wconf 88' lang='lat' dir='ltr'><strong>solum</strong></span> <span class='ocrx_word' id='word_1_100' title='bbox 698 1459 867 1506; x_wconf 88' lang='lat' dir='ltr'><strong>numerosa</strong></span> <span class='ocrx_word' id='word_1_101' title='bbox 896 1437 1018 1515; x_wconf 90' lang='lat' dir='ltr'><strong>oratio,</strong></span> <span class='ocrx_word' id='word_1_102' title='bbox 1052 1438 1109 1504; x_wconf 89' lang='lat' dir='ltr'><strong>sed</strong></span> <span class='ocrx_word' id='word_1_103' title='bbox 1130 1445 1163 1502; x_wconf 89' lang='lat' dir='ltr'><strong>et</strong></span> <span class='ocrx_word' id='word_1_104' title='bbox 1183 1437 1412 1524; x_wconf 82' lang='lat' dir='ltr'><strong>compositione</strong></span> <span class='ocrx_word' id='word_1_105' title='bbox 1433 1435 1468 1501; x_wconf 90' lang='lat' dir='ltr'><strong>fit</strong></span> <span class='ocrx_word' id='word_1_106' title='bbox 1489 1445 1522 1502; x_wconf 89' lang='lat' dir='ltr'><strong>et</strong></span> <span class='ocrx_word' id='word_1_107' title='bbox 1541 1457 1658 1522; x_wconf 82' lang='lat' dir='ltr'><strong>genere</strong></span> 
     </span>
     <span class='ocr_line' id='line_1_12' title="bbox 331 1529 1659 1622; baseline -0.002 -22"><span class='ocrx_word' id='word_1_108' title='bbox 331 1532 468 1622; x_wconf 91' lang='lat' dir='ltr'><strong>—quod</strong></span> <span class='ocrx_word' id='word_1_109' title='bbox 483 1539 554 1600; x_wconf 91' lang='lat' dir='ltr'><strong>ente</strong></span> <span class='ocrx_word' id='word_1_110' title='bbox 567 1534 686 1598; x_wconf 88' lang='lat' dir='ltr'><strong>dictum</strong></span> <span class='ocrx_word' id='word_1_111' title='bbox 701 1538 748 1598; x_wconf 88' lang='lat' dir='ltr'><strong>est</strong></span> <span class='ocrx_word' id='word_1_112' title='bbox 762 1566 804 1582; x_wconf 91' lang='lat'><em>—</em></span> <span class='ocrx_word' id='word_1_113' title='bbox 819 1529 1051 1609; x_wconf 84' lang='lat' dir='ltr'><strong>concinnitatis,</strong></span> <span class='ocrx_word' id='word_1_114' title='bbox 1067 1530 1295 1618; x_wconf 87' lang='lat' dir='ltr'><strong>compositione</strong></span> <span class='ocrx_word' id='word_1_115' title='bbox 1309 1539 1412 1616; x_wconf 88' lang='lat' dir='ltr'><strong>potest</strong></span> <span class='ocrx_word' id='word_1_116' title='bbox 1425 1531 1573 1616; x_wconf 77' lang='lat' dir='ltr'><strong>intelligi,</strong></span> <span class='ocrx_word' id='word_1_117' title='bbox 1586 1552 1659 1598; x_wconf 87' lang='lat' dir='ltr'><strong>enm</strong></span> 
     </span>
     <span class='ocr_line' id='line_1_13' title="bbox 329 1624 1658 1712; baseline -0.002 -16"><span class='ocrx_word' id='word_1_118' title='bbox 329 1629 374 1696; x_wconf 91' lang='lat' dir='ltr'><strong>ita</strong></span> <span class='ocrx_word' id='word_1_119' title='bbox 394 1637 510 1696; x_wconf 88' lang='lat' dir='ltr'><strong>structa</strong></span> <span class='ocrx_word' id='word_1_120' title='bbox 531 1629 627 1694; x_wconf 85' lang='lat' dir='ltr'><strong>rerba</strong></span> <span class='ocrx_word' id='word_1_121' title='bbox 648 1635 736 1705; x_wconf 90' lang='lat' dir='ltr'><strong>sunt,</strong></span> <span class='ocrx_word' id='word_1_122' title='bbox 757 1635 793 1694; x_wconf 91' lang='lat' dir='ltr'><strong>ut</strong></span> <span class='ocrx_word' id='word_1_123' title='bbox 813 1646 962 1693; x_wconf 90' lang='lat' dir='ltr'><strong>numerus</strong></span> <span class='ocrx_word' id='word_1_124' title='bbox 982 1646 1048 1693; x_wconf 92' lang='lat' dir='ltr'><strong>non</strong></span> <span class='ocrx_word' id='word_1_125' title='bbox 1070 1625 1248 1712; x_wconf 88' lang='lat' dir='ltr'><strong>quaesitus,</strong></span> <span class='ocrx_word' id='word_1_126' title='bbox 1275 1624 1332 1692; x_wconf 89' lang='lat' dir='ltr'><strong>sed</strong></span> <span class='ocrx_word' id='word_1_127' title='bbox 1352 1628 1422 1712; x_wconf 87' lang='lat' dir='ltr'><strong>ipse</strong></span> <span class='ocrx_word' id='word_1_128' title='bbox 1443 1635 1566 1692; x_wconf 89' lang='lat' dir='ltr'><strong>secutus</strong></span> <span class='ocrx_word' id='word_1_129' title='bbox 1588 1647 1658 1693; x_wconf 90' lang='lat' dir='ltr'><strong>esse</strong></span> 
     </span>
     <span class='ocr_line' id='line_1_14' title="bbox 329 1719 1660 1809; baseline -0.004 -18"><span class='ocrx_word' id='word_1_130' title='bbox 329 1722 491 1802; x_wconf 79' lang='lat' dir='ltr'><strong>videatur,</strong></span> <span class='ocrx_word' id='word_1_131' title='bbox 525 1730 561 1790; x_wconf 92' lang='lat' dir='ltr'><strong>ut</strong></span> <span class='ocrx_word' id='word_1_132' title='bbox 581 1723 665 1809; x_wconf 91' lang='lat' dir='ltr'><strong>apud</strong></span> <span class='ocrx_word' id='word_1_133' title='bbox 688 1722 850 1786; x_wconf 87' lang='lat' dir='ltr'><strong>Crassum:</strong></span> <span class='ocrx_word' id='word_1_134' title='bbox 890 1724 983 1788; x_wconf 88' lang='lat' dir='ltr'><strong>Nam</strong></span> <span class='ocrx_word' id='word_1_135' title='bbox 1010 1719 1078 1786; x_wconf 93' lang='lat' dir='ltr'><strong>ubi</strong></span> <span class='ocrx_word' id='word_1_136' title='bbox 1103 1722 1246 1787; x_wconf 93' lang='lat' dir='ltr'><strong>lubido</strong></span> <span class='ocrx_word' id='word_1_137' title='bbox 1269 1721 1511 1800; x_wconf 88' lang='lat' dir='ltr'><strong>dominatur,</strong></span> <span class='ocrx_word' id='word_1_138' title='bbox 1544 1723 1660 1787; x_wconf 90' lang='lat' dir='ltr'><strong>inno·</strong></span> 
     </span>
     <span class='ocr_line' id='line_1_15' title="bbox 331 1813 1660 1903; baseline -0.004 -17"><span class='ocrx_word' id='word_1_139' title='bbox 331 1820 487 1887; x_wconf 83' lang='lat' dir='ltr'><strong>cantiae</strong></span> <span class='ocrx_word' id='word_1_140' title='bbox 514 1817 603 1884; x_wconf 84' lang='lat' dir='ltr'><strong>lese</strong></span> <span class='ocrx_word' id='word_1_141' title='bbox 630 1813 882 1903; x_wconf 85' lang='lat' dir='ltr'><strong>praesidium</strong></span> <span class='ocrx_word' id='word_1_142' title='bbox 905 1823 977 1882; x_wconf 90' lang='lat' dir='ltr'><strong>est.</strong></span> <span class='ocrx_word' id='word_1_143' title='bbox 1022 1814 1109 1882; x_wconf 91' lang='lat' dir='ltr'><strong>Ordo</strong></span> <span class='ocrx_word' id='word_1_144' title='bbox 1132 1814 1217 1882; x_wconf 89' lang='lat' dir='ltr'><strong>enim</strong></span> <span class='ocrx_word' id='word_1_145' title='bbox 1238 1819 1412 1882; x_wconf 84' lang='lat' dir='ltr'><strong>verborum</strong></span> <span class='ocrx_word' id='word_1_146' title='bbox 1434 1813 1530 1882; x_wconf 86' lang='lat' dir='ltr'><strong>efficit</strong></span> <span class='ocrx_word' id='word_1_147' title='bbox 1549 1837 1660 1882; x_wconf 87' lang='lat' dir='ltr'><strong>nume-</strong></span> 
     </span>
     <span class='ocr_line' id='line_1_16' title="bbox 291 1907 1660 1998; baseline -0.003 -16"><span class='ocrx_word' id='word_1_148' title='bbox 291 1936 321 1982; x_wconf 85' lang='lat' dir='ltr'><strong>1s</strong></span> <span class='ocrx_word' id='word_1_149' title='bbox 331 1934 402 1980; x_wconf 87' lang='lat' dir='ltr'><strong>rurn</strong></span> <span class='ocrx_word' id='word_1_150' title='bbox 424 1911 492 1978; x_wconf 91' lang='lat' dir='ltr'><strong>sine</strong></span> <span class='ocrx_word' id='word_1_151' title='bbox 513 1910 579 1976; x_wconf 89' lang='lat' dir='ltr'><strong>ulla</strong></span> <span class='ocrx_word' id='word_1_152' title='bbox 599 1915 710 1995; x_wconf 87' lang='lat' dir='ltr'><strong>aperta</strong></span> <span class='ocrx_word' id='word_1_153' title='bbox 729 1908 866 1976; x_wconf 90' lang='lat' dir='ltr'><strong>oratoris</strong></span> <span class='ocrx_word' id='word_1_154' title='bbox 879 1907 1042 1976; x_wconf 88' lang='lat' dir='ltr'><strong>industrie.</strong></span> <span class='ocrx_word' id='word_1_155' title='bbox 1085 1912 1193 1998; x_wconf 84' lang='lat' dir='ltr'><strong>Itaque</strong></span> <span class='ocrx_word' id='word_1_156' title='bbox 1208 1910 1235 1976; x_wconf 90' lang='lat' dir='ltr'><strong>si</strong></span> <span class='ocrx_word' id='word_1_157' title='bbox 1250 1931 1331 1996; x_wconf 91' lang='lat' dir='ltr'><strong>quae</strong></span> <span class='ocrx_word' id='word_1_158' title='bbox 1346 1920 1469 1978; x_wconf 83' lang='lat' dir='ltr'><strong>veteres</strong></span> <span class='ocrx_word' id='word_1_159' title='bbox 1483 1909 1527 1976; x_wconf 87' lang='lat' dir='ltr'><strong>ilb</strong></span> <span class='ocrx_word' id='word_1_160' title='bbox 1541 1913 1660 1978; x_wconf 84' lang='lat' dir='ltr'><strong>-He-</strong></span> 
     </span>
     <span class='ocr_line' id='line_1_17' title="bbox 332 2003 1658 2095; baseline -0.002 -20"><span class='ocrx_word' id='word_1_161' title='bbox 332 2008 481 2075; x_wconf 90' lang='lat' dir='ltr'><strong>rodotum</strong></span> <span class='ocrx_word' id='word_1_162' title='bbox 502 2006 574 2070; x_wconf 89' lang='lat' dir='ltr'><strong>dieo</strong></span> <span class='ocrx_word' id='word_1_163' title='bbox 595 2012 628 2070; x_wconf 91' lang='lat' dir='ltr'><strong>et</strong></span> <span class='ocrx_word' id='word_1_164' title='bbox 642 2003 855 2095; x_wconf 77' lang='lat' dir='ltr'><strong>Thucydidem</strong></span> <span class='ocrx_word' id='word_1_165' title='bbox 870 2011 1032 2092; x_wconf 85' lang='lat' dir='ltr'><strong>totamque</strong></span> <span class='ocrx_word' id='word_1_166' title='bbox 1053 2023 1122 2070; x_wconf 88' lang='lat' dir='ltr'><strong>eam</strong></span> <span class='ocrx_word' id='word_1_167' title='bbox 1138 2013 1272 2071; x_wconf 87' lang='lat' dir='ltr'><strong>aetatem</strong></span> <span class='ocrx_word' id='word_1_168' title='bbox 1285 2041 1327 2068; x_wconf 91' lang='lat'><strong>-.-</strong></span> <span class='ocrx_word' id='word_1_169' title='bbox 1340 2013 1412 2094; x_wconf 89' lang='lat' dir='ltr'><strong>apte</strong></span> <span class='ocrx_word' id='word_1_170' title='bbox 1428 2025 1658 2092; x_wconf 82' lang='lat' dir='ltr'><strong>numeroseque</strong></span> 
     </span>
     <span class='ocr_line' id='line_1_18' title="bbox 332 2095 1659 2186; baseline -0.002 -17"><span class='ocrx_word' id='word_1_171' title='bbox 332 2101 495 2178; x_wconf 87' lang='lat' dir='ltr'><strong>dixerunt,</strong></span> <span class='ocrx_word' id='word_1_172' title='bbox 530 2117 568 2166; x_wconf 89' lang='lat' dir='ltr'><strong>ea</strong></span> <span class='ocrx_word' id='word_1_173' title='bbox 594 2118 660 2166; x_wconf 89' lang='lat' dir='ltr'><strong>non</strong></span> <span class='ocrx_word' id='word_1_174' title='bbox 685 2119 818 2166; x_wconf 89' lang='lat' dir='ltr'><strong>numero</strong></span> <span class='ocrx_word' id='word_1_175' title='bbox 841 2101 1003 2186; x_wconf 89' lang='lat' dir='ltr'><strong>quaesito,</strong></span> <span class='ocrx_word' id='word_1_176' title='bbox 1038 2101 1093 2165; x_wconf 85' lang='lat' dir='ltr'><strong>sed</strong></span> <span class='ocrx_word' id='word_1_177' title='bbox 1114 2095 1287 2166; x_wconf 84' lang='lat' dir='ltr'><strong>verborum</strong></span> <span class='ocrx_word' id='word_1_178' title='bbox 1307 2095 1513 2168; x_wconf 88' lang='lat' dir='ltr'><strong>collocatione</strong></span> <span class='ocrx_word' id='word_1_179' title='bbox 1534 2099 1659 2168; x_wconf 90' lang='lat' dir='ltr'><strong>cecide-</strong></span> 
     </span>
     <span class='ocr_line' id='line_1_19' title="bbox 330 2191 1659 2282; baseline -0.001 -19"><span class='ocrx_word' id='word_1_180' title='bbox 330 2204 414 2263; x_wconf 88' lang='lat' dir='ltr'><strong>runt.</strong></span> <span class='ocrx_word' id='word_1_181' title='bbox 455 2196 528 2262; x_wconf 75' lang='grc'><strong>210.</strong></span> <span class='ocrx_word' id='word_1_182' title='bbox 549 2196 682 2260; x_wconf 85' lang='lat' dir='ltr'><strong>Formae</strong></span> <span class='ocrx_word' id='word_1_183' title='bbox 703 2213 781 2261; x_wconf 84' lang='lat' dir='ltr'><strong>vero</strong></span> <span class='ocrx_word' id='word_1_184' title='bbox 803 2191 956 2282; x_wconf 86' lang='lat' dir='ltr'><strong>quaedam</strong></span> <span class='ocrx_word' id='word_1_185' title='bbox 979 2201 1051 2263; x_wconf 84' lang='lat' dir='ltr'><strong>sunt</strong></span> <span class='ocrx_word' id='word_1_186' title='bbox 1080 2192 1249 2270; x_wconf 88' lang='lat' dir='ltr'><strong>orationis,</strong></span> <span class='ocrx_word' id='word_1_187' title='bbox 1282 2195 1451 2280; x_wconf 86' lang='lat' dir='ltr'><strong>inquibus</strong></span> <span class='ocrx_word' id='word_1_188' title='bbox 1474 2216 1512 2262; x_wconf 88' lang='lat' dir='ltr'><strong>ea</strong></span> <span class='ocrx_word' id='word_1_189' title='bbox 1533 2197 1659 2262; x_wconf 90' lang='lat' dir='ltr'><strong>concin-</strong></span> 
     </span>
     <span class='ocr_line' id='line_1_20' title="bbox 330 2287 1657 2376; baseline -0.002 -19"><span class='ocrx_word' id='word_1_190' title='bbox 330 2292 411 2358; x_wconf 90' lang='lat' dir='ltr'><strong>nitas</strong></span> <span class='ocrx_word' id='word_1_191' title='bbox 442 2297 506 2365; x_wconf 87' lang='lat' dir='ltr'><strong>cst,</strong></span> <span class='ocrx_word' id='word_1_192' title='bbox 539 2296 575 2355; x_wconf 90' lang='lat' dir='ltr'><strong>ut</strong></span> <span class='ocrx_word' id='word_1_193' title='bbox 604 2296 754 2375; x_wconf 89' lang='lat' dir='ltr'><strong>sequatur</strong></span> <span class='ocrx_word' id='word_1_194' title='bbox 784 2308 935 2356; x_wconf 87' lang='lat' dir='ltr'><strong>numerus</strong></span> <span class='ocrx_word' id='word_1_195' title='bbox 966 2289 1153 2354; x_wconf 86' lang='lat' dir='ltr'><strong>necessario.</strong></span> <span class='ocrx_word' id='word_1_196' title='bbox 1201 2291 1280 2356; x_wconf 90' lang='lat' dir='ltr'><strong>Nam</strong></span> <span class='ocrx_word' id='word_1_197' title='bbox 1310 2309 1382 2356; x_wconf 89' lang='lat' dir='ltr'><strong>cum</strong></span> <span class='ocrx_word' id='word_1_198' title='bbox 1413 2299 1468 2356; x_wconf 90' lang='lat' dir='ltr'><strong>aut</strong></span> <span class='ocrx_word' id='word_1_199' title='bbox 1498 2313 1557 2376; x_wconf 89' lang='lat' dir='ltr'><strong>par</strong></span> <span class='ocrx_word' id='word_1_200' title='bbox 1587 2287 1657 2375; x_wconf 91' lang='lat' dir='ltr'><strong>pari</strong></span> 
     </span>
     <span class='ocr_line' id='line_1_21' title="bbox 293 2382 1659 2472; baseline -0.004 -16"><span class='ocrx_word' id='word_1_201' title='bbox 293 2388 470 2456; x_wconf 76' lang='lat' dir='ltr'><strong>sarcientur</strong></span> <span class='ocrx_word' id='word_1_202' title='bbox 497 2391 552 2449; x_wconf 91' lang='lat' dir='ltr'><strong>aut</strong></span> <span class='ocrx_word' id='word_1_203' title='bbox 580 2385 775 2450; x_wconf 86' lang='lat' dir='ltr'><strong>contrarium</strong></span> <span class='ocrx_word' id='word_1_204' title='bbox 806 2384 965 2450; x_wconf 89' lang='lat' dir='ltr'><strong>contrario</strong></span> <span class='ocrx_word' id='word_1_205' title='bbox 995 2382 1164 2472; x_wconf 89' lang='lat' dir='ltr'><strong>opponitur</strong></span> <span class='ocrx_word' id='word_1_206' title='bbox 1191 2391 1246 2448; x_wconf 89' lang='lat' dir='ltr'><strong>aut</strong></span> <span class='ocrx_word' id='word_1_207' title='bbox 1271 2403 1352 2470; x_wconf 90' lang='lat' dir='ltr'><strong>quae</strong></span> <span class='ocrx_word' id='word_1_208' title='bbox 1379 2385 1524 2452; x_wconf 90' lang='lat' dir='ltr'><strong>similiter</strong></span> <span class='ocrx_word' id='word_1_209' title='bbox 1545 2390 1659 2452; x_wconf 89' lang='lat' dir='ltr'><strong>cadunt</strong></span> 
     </span>
     <span class='ocr_line' id='line_1_22' title="bbox 331 2476 1660 2568; baseline -0.004 -18"><span class='ocrx_word' id='word_1_210' title='bbox 331 2483 429 2550; x_wconf 80' lang='lat' dir='ltr'><strong>verba</strong></span> <span class='ocrx_word' id='word_1_211' title='bbox 450 2478 556 2547; x_wconf 85' lang='lat' dir='ltr'><strong>verbis</strong></span> <span class='ocrx_word' id='word_1_212' title='bbox 577 2488 816 2567; x_wconf 88' lang='lat' dir='ltr'><strong>comparantur,</strong></span> <span class='ocrx_word' id='word_1_213' title='bbox 851 2476 1002 2563; x_wconf 93' lang='lat' dir='ltr'><strong>quidquid</strong></span> <span class='ocrx_word' id='word_1_214' title='bbox 1024 2479 1069 2542; x_wconf 89' lang='lat' dir='ltr'><strong>ita</strong></span> <span class='ocrx_word' id='word_1_215' title='bbox 1090 2477 1303 2553; x_wconf 85' lang='lat' dir='ltr'><strong>concluditur.</strong></span> <span class='ocrx_word' id='word_1_216' title='bbox 1336 2478 1523 2568; x_wconf 89' lang='lat' dir='ltr'><strong>plerumque</strong></span> <span class='ocrx_word' id='word_1_217' title='bbox 1544 2478 1593 2554; x_wconf 88' lang='lat' dir='ltr'><strong>lit.</strong></span> <span class='ocrx_word' id='word_1_218' title='bbox 1625 2487 1660 2545; x_wconf 91' lang='lat' dir='ltr'><strong>ut</strong></span> 
     </span>
     <span class='ocr_line' id='line_1_23' title="bbox 331 2571 1660 2660; baseline -0.004 -15"><span class='ocrx_word' id='word_1_219' title='bbox 331 2596 501 2644; x_wconf 90' lang='lat' dir='ltr'><strong>numerose</strong></span> <span class='ocrx_word' id='word_1_220' title='bbox 523 2571 623 2639; x_wconf 89' lang='lat' dir='ltr'><strong>cadet.</strong></span> <span class='ocrx_word' id='word_1_221' title='bbox 668 2574 742 2651; x_wconf 84' lang='lat' dir='ltr'><strong>Quo</strong></span> <span class='ocrx_word' id='word_1_222' title='bbox 763 2574 803 2637; x_wconf 92' lang='lat' dir='ltr'><strong>de</strong></span> <span class='ocrx_word' id='word_1_223' title='bbox 826 2591 1035 2656; x_wconf 81' lang='lat' dir='ltr'><strong>generosum</strong></span> <span class='ocrx_word' id='word_1_224' title='bbox 1057 2571 1208 2659; x_wconf 81' lang='lat' dir='ltr'><strong>exemplis</strong></span> <span class='ocrx_word' id='word_1_225' title='bbox 1230 2573 1502 2660; x_wconf 88' lang='lat' dir='ltr'><strong>supradiximus,</strong></span> <span class='ocrx_word' id='word_1_226' title='bbox 1526 2582 1562 2642; x_wconf 89' lang='lat' dir='ltr'><strong>ut</strong></span> <span class='ocrx_word' id='word_1_227' title='bbox 1581 2577 1660 2640; x_wconf 90' lang='lat' dir='ltr'><strong>haec</strong></span> 
     </span>
     <span class='ocr_line' id='line_1_24' title="bbox 332 2665 1657 2759; baseline -0.003 -21"><span class='ocrx_word' id='word_1_228' title='bbox 332 2691 460 2759; x_wconf 90' lang='lat' dir='ltr'><strong>quoque</strong></span> <span class='ocrx_word' id='word_1_229' title='bbox 493 2667 586 2754; x_wconf 89' lang='lat' dir='ltr'><strong>copia</strong></span> <span class='ocrx_word' id='word_1_230' title='bbox 617 2665 796 2733; x_wconf 81' lang='lat' dir='ltr'><strong>facultatem</strong></span> <span class='ocrx_word' id='word_1_231' title='bbox 829 2665 941 2733; x_wconf 83' lang='lat' dir='ltr'><strong>afferet</strong></span> <span class='ocrx_word' id='word_1_232' title='bbox 970 2686 1035 2731; x_wconf 92' lang='lat' dir='ltr'><strong>non</strong></span> <span class='ocrx_word' id='word_1_233' title='bbox 1063 2686 1189 2753; x_wconf 89' lang='lat' dir='ltr'><strong>semper</strong></span> <span class='ocrx_word' id='word_1_234' title='bbox 1215 2666 1327 2734; x_wconf 89' lang='lat' dir='ltr'><strong>eodem</strong></span> <span class='ocrx_word' id='word_1_235' title='bbox 1356 2667 1451 2735; x_wconf 89' lang='lat' dir='ltr'><strong>modo</strong></span> <span class='ocrx_word' id='word_1_236' title='bbox 1482 2666 1657 2736; x_wconf 89' lang='lat' dir='ltr'><strong>desinendi.</strong></span> 
     </span>
     <span class='ocr_line' id='line_1_25' title="bbox 331 2759 1659 2841; baseline -0.004 -8"><span class='ocrx_word' id='word_1_237' title='bbox 331 2769 398 2832; x_wconf 89' lang='lat' dir='ltr'><strong>Nec</strong></span> <span class='ocrx_word' id='word_1_238' title='bbox 419 2774 523 2831; x_wconf 89' lang='lat' dir='ltr'><strong>tamen</strong></span> <span class='ocrx_word' id='word_1_239' title='bbox 543 2763 684 2828; x_wconf 81' lang='lat' dir='ltr'><strong>beccila</strong></span> <span class='ocrx_word' id='word_1_240' title='bbox 706 2768 866 2826; x_wconf 89' lang='lat' dir='ltr'><strong>suntarta</strong></span> <span class='ocrx_word' id='word_1_241' title='bbox 888 2768 919 2826; x_wconf 89' lang='lat' dir='ltr'><strong>et</strong></span> <span class='ocrx_word' id='word_1_242' title='bbox 941 2759 1083 2839; x_wconf 84' lang='lat' dir='ltr'><strong>astricta,</strong></span> <span class='ocrx_word' id='word_1_243' title='bbox 1117 2769 1153 2827; x_wconf 92' lang='lat' dir='ltr'><strong>ut</strong></span> <span class='ocrx_word' id='word_1_244' title='bbox 1180 2781 1234 2839; x_wconf 88' lang='lat' dir='ltr'><strong>ea,</strong></span> <span class='ocrx_word' id='word_1_245' title='bbox 1267 2782 1338 2828; x_wconf 91' lang='lat' dir='ltr'><strong>cum</strong></span> <span class='ocrx_word' id='word_1_246' title='bbox 1366 2763 1516 2841; x_wconf 85' lang='lat' dir='ltr'><strong>velimus,</strong></span> <span class='ocrx_word' id='word_1_247' title='bbox 1550 2765 1659 2828; x_wconf 82' lang='lat' dir='ltr'><strong>laxare</strong></span> 
     </span>
     <span class='ocr_line' id='line_1_26' title="bbox 294 2853 1660 2948; baseline -0.003 -20"><span class='ocrx_word' id='word_1_248' title='bbox 294 2892 323 2938; x_wconf 69' lang='lat' dir='ltr'><strong>,r</strong></span> <span class='ocrx_word' id='word_1_249' title='bbox 332 2879 539 2948; x_wconf 89' lang='lat' dir='ltr'><strong>nequeamus.</strong></span> <span class='ocrx_word' id='word_1_250' title='bbox 582 2855 714 2924; x_wconf 85' lang='lat' dir='ltr'><strong>Multum</strong></span> <span class='ocrx_word' id='word_1_251' title='bbox 735 2858 881 2932; x_wconf 89' lang='lat' dir='ltr'><strong>interest,</strong></span> <span class='ocrx_word' id='word_1_252' title='bbox 910 2863 1018 2922; x_wconf 89' lang='lat' dir='ltr'><strong>utrum</strong></span> <span class='ocrx_word' id='word_1_253' title='bbox 1039 2876 1208 2923; x_wconf 88' lang='lat' dir='ltr'><strong>numerosa</strong></span> <span class='ocrx_word' id='word_1_254' title='bbox 1228 2857 1286 2934; x_wconf 90' lang='lat' dir='ltr'><strong>sit,</strong></span> <span class='ocrx_word' id='word_1_255' title='bbox 1318 2853 1352 2923; x_wconf 91' lang='lat' dir='ltr'><strong>id</strong></span> <span class='ocrx_word' id='word_1_256' title='bbox 1376 2865 1440 2935; x_wconf 88' lang='lat' dir='ltr'><strong>est,</strong></span> <span class='ocrx_word' id='word_1_257' title='bbox 1472 2858 1581 2926; x_wconf 88' lang='lat' dir='ltr'><strong>similis</strong></span> <span class='ocrx_word' id='word_1_258' title='bbox 1601 2879 1660 2924; x_wconf 90' lang='lat' dir='ltr'><strong>nu-</strong></span> 
     </span>
     <span class='ocr_line' id='line_1_27' title="bbox 332 2949 1660 3038; baseline -0.002 -16"><span class='ocrx_word' id='word_1_259' title='bbox 332 2974 513 3029; x_wconf 89' lang='lat' dir='ltr'><strong>merorum,</strong></span> <span class='ocrx_word' id='word_1_260' title='bbox 542 2971 582 3018; x_wconf 88' lang='lat' dir='ltr'><strong>an</strong></span> <span class='ocrx_word' id='word_1_261' title='bbox 602 2949 695 3038; x_wconf 91' lang='lat' dir='ltr'><strong>plane</strong></span> <span class='ocrx_word' id='word_1_262' title='bbox 716 2971 734 3016; x_wconf 89' lang='lat' dir='ltr'><strong>e</strong></span> <span class='ocrx_word' id='word_1_263' title='bbox 755 2951 895 3016; x_wconf 88' lang='lat' dir='ltr'><strong>numeris</strong></span> <span class='ocrx_word' id='word_1_264' title='bbox 916 2957 1038 3015; x_wconf 87' lang='lat' dir='ltr'><strong>constet</strong></span> <span class='ocrx_word' id='word_1_265' title='bbox 1059 2950 1174 3017; x_wconf 87' lang='lat' dir='ltr'><strong>oratio.</strong></span> <span class='ocrx_word' id='word_1_266' title='bbox 1217 2953 1359 3018; x_wconf 78' lang='lat' dir='ltr'><strong>Alterum</strong></span> <span class='ocrx_word' id='word_1_267' title='bbox 1380 2953 1407 3016; x_wconf 92' lang='lat' dir='ltr'><strong>si</strong></span> <span class='ocrx_word' id='word_1_268' title='bbox 1428 2949 1479 3031; x_wconf 89' lang='lat' dir='ltr'><strong>fit,</strong></span> <span class='ocrx_word' id='word_1_269' title='bbox 1509 2953 1660 3019; x_wconf 90' lang='lat' dir='ltr'><strong>intolera-</strong></span> 
     </span>
     <span class='ocr_line' id='line_1_28' title="bbox 331 3043 1656 3129; baseline -0.002 -12"><span class='ocrx_word' id='word_1_270' title='bbox 331 3049 398 3117; x_wconf 88' lang='lat' dir='ltr'><strong>bile</strong></span> <span class='ocrx_word' id='word_1_271' title='bbox 418 3046 529 3114; x_wconf 86' lang='lat' dir='ltr'><strong>vitium</strong></span> <span class='ocrx_word' id='word_1_272' title='bbox 552 3053 616 3124; x_wconf 87' lang='lat' dir='ltr'><strong>est;</strong></span> <span class='ocrx_word' id='word_1_273' title='bbox 638 3045 771 3111; x_wconf 90' lang='lat' dir='ltr'><strong>alterum</strong></span> <span class='ocrx_word' id='word_1_274' title='bbox 786 3044 846 3111; x_wconf 88' lang='lat' dir='ltr'><strong>nisi</strong></span> <span class='ocrx_word' id='word_1_275' title='bbox 860 3043 914 3124; x_wconf 82' lang='lat' dir='ltr'><strong>fit,</strong></span> <span class='ocrx_word' id='word_1_276' title='bbox 939 3044 1088 3129; x_wconf 89' lang='lat' dir='ltr'><strong>dissipata</strong></span> <span class='ocrx_word' id='word_1_277' title='bbox 1111 3053 1142 3111; x_wconf 91' lang='lat' dir='ltr'><strong>et</strong></span> <span class='ocrx_word' id='word_1_278' title='bbox 1161 3045 1278 3112; x_wconf 90' lang='lat' dir='ltr'><strong>inculta</strong></span> <span class='ocrx_word' id='word_1_279' title='bbox 1299 3054 1332 3111; x_wconf 89' lang='lat' dir='ltr'><strong>et</strong></span> <span class='ocrx_word' id='word_1_280' title='bbox 1351 3047 1450 3114; x_wconf 84' lang='lat' dir='ltr'><strong>lineus</strong></span> <span class='ocrx_word' id='word_1_281' title='bbox 1473 3054 1522 3113; x_wconf 89' lang='lat' dir='ltr'><strong>est</strong></span> <span class='ocrx_word' id='word_1_282' title='bbox 1544 3048 1656 3114; x_wconf 88' lang='lat' dir='ltr'><strong>oratio.</strong></span> 
     </span>
    </p>

    <p class='ocr_par' dir='ltr' id='par_1_3' title="bbox 295 3137 1660 4754">
     <span class='ocr_line' id='line_1_29' title="bbox 366 3137 1659 3226; baseline -0.004 -14"><span class='ocrx_word' id='word_1_283' title='bbox 366 3200 370 3212; x_wconf 92' lang='lat'><strong>.</strong></span> <span class='ocrx_word' id='word_1_284' title='bbox 415 3143 624 3209; x_wconf 75' lang='lat' dir='ltr'><strong>LXV1.221.</strong></span> <span class='ocrx_word' id='word_1_285' title='bbox 656 3137 719 3205; x_wconf 91' lang='lat' dir='ltr'><strong>Sed</strong></span> <span class='ocrx_word' id='word_1_286' title='bbox 741 3138 890 3225; x_wconf 91' lang='lat' dir='ltr'><strong>quoniam</strong></span> <span class='ocrx_word' id='word_1_287' title='bbox 911 3159 977 3205; x_wconf 90' lang='lat' dir='ltr'><strong>uon</strong></span> <span class='ocrx_word' id='word_1_288' title='bbox 998 3138 1093 3205; x_wconf 91' lang='lat' dir='ltr'><strong>modo</strong></span> <span class='ocrx_word' id='word_1_289' title='bbox 1114 3158 1179 3205; x_wconf 91' lang='lat' dir='ltr'><strong>nou</strong></span> <span class='ocrx_word' id='word_1_290' title='bbox 1200 3140 1400 3226; x_wconf 80' lang='lat' dir='ltr'><strong>frequenter,</strong></span> <span class='ocrx_word' id='word_1_291' title='bbox 1432 3141 1659 3209; x_wconf 85' lang='lat' dir='ltr'><strong>verumetiam</strong></span> 
     </span>
     <span class='ocr_line' id='line_1_30' title="bbox 331 3231 1659 3322; baseline -0.003 -16"><span class='ocrx_word' id='word_1_292' title='bbox 331 3257 407 3306; x_wconf 82' lang='lat' dir='ltr'><strong>raro</strong></span> <span class='ocrx_word' id='word_1_293' title='bbox 427 3237 461 3303; x_wconf 94' lang='lat' dir='ltr'><strong>in</strong></span> <span class='ocrx_word' id='word_1_294' title='bbox 482 3236 565 3302; x_wconf 84' lang='lat' dir='ltr'><strong>veris</strong></span> <span class='ocrx_word' id='word_1_295' title='bbox 586 3233 687 3301; x_wconf 92' lang='lat' dir='ltr'><strong>causis</strong></span> <span class='ocrx_word' id='word_1_296' title='bbox 708 3242 763 3300; x_wconf 91' lang='lat' dir='ltr'><strong>aut</strong></span> <span class='ocrx_word' id='word_1_297' title='bbox 781 3231 962 3317; x_wconf 79' lang='lat' dir='ltr'><strong>forensibus</strong></span> <span class='ocrx_word' id='word_1_298' title='bbox 984 3235 1216 3322; x_wconf 88' lang='lat' dir='ltr'><strong>circumscripte</strong></span> <span class='ocrx_word' id='word_1_299' title='bbox 1237 3256 1469 3322; x_wconf 87' lang='lat' dir='ltr'><strong>numeroseque</strong></span> <span class='ocrx_word' id='word_1_300' title='bbox 1491 3238 1659 3303; x_wconf 87' lang='lat' dir='ltr'><strong>dicendum</strong></span> 
     </span>
     <span class='ocr_line' id='line_1_31' title="bbox 295 3327 1659 3418; baseline -0.002 -19"><span class='ocrx_word' id='word_1_301' title='bbox 295 3340 396 3412; x_wconf 59' lang='lat' dir='ltr'><strong>guest,</strong></span> <span class='ocrx_word' id='word_1_302' title='bbox 412 3330 502 3417; x_wconf 88' lang='lat' dir='ltr'><strong>sequi</strong></span> <span class='ocrx_word' id='word_1_303' title='bbox 515 3331 656 3408; x_wconf 83' lang='lat' dir='ltr'><strong>videtur,</strong></span> <span class='ocrx_word' id='word_1_304' title='bbox 672 3338 708 3394; x_wconf 91' lang='lat' dir='ltr'><strong>ut</strong></span> <span class='ocrx_word' id='word_1_305' title='bbox 720 3329 893 3406; x_wconf 84' lang='lat' dir='ltr'><strong>rideamus,</strong></span> <span class='ocrx_word' id='word_1_306' title='bbox 910 3349 990 3415; x_wconf 90' lang='lat' dir='ltr'><strong>quae</strong></span> <span class='ocrx_word' id='word_1_307' title='bbox 1004 3327 1066 3394; x_wconf 92' lang='lat' dir='ltr'><strong>sint</strong></span> <span class='ocrx_word' id='word_1_308' title='bbox 1080 3327 1148 3405; x_wconf 91' lang='lat' dir='ltr'><strong>illa,</strong></span> <span class='ocrx_word' id='word_1_309' title='bbox 1164 3350 1245 3416; x_wconf 90' lang='lat' dir='ltr'><strong>quae</strong></span> <span class='ocrx_word' id='word_1_310' title='bbox 1262 3351 1357 3418; x_wconf 88' lang='lat' dir='ltr'><strong>supra</strong></span> <span class='ocrx_word' id='word_1_311' title='bbox 1372 3330 1436 3398; x_wconf 81' lang='lat' dir='ltr'><strong>dixi</strong></span> <span class='ocrx_word' id='word_1_312' title='bbox 1450 3331 1564 3410; x_wconf 89' lang='lat' dir='ltr'><strong>incisa,</strong></span> <span class='ocrx_word' id='word_1_313' title='bbox 1579 3351 1659 3418; x_wconf 90' lang='lat' dir='ltr'><strong>quae</strong></span> 
     </span>
     <span class='ocr_line' id='line_1_32' title="bbox 333 3421 1656 3510; baseline -0.001 -17"><span class='ocrx_word' id='word_1_314' title='bbox 333 3424 486 3494; x_wconf 88' lang='lat' dir='ltr'><strong>membra.</strong></span> <span class='ocrx_word' id='word_1_315' title='bbox 530 3426 618 3490; x_wconf 82' lang='lat' dir='ltr'><strong>Ilaec</strong></span> <span class='ocrx_word' id='word_1_316' title='bbox 638 3425 720 3488; x_wconf 89' lang='lat' dir='ltr'><strong>enim</strong></span> <span class='ocrx_word' id='word_1_317' title='bbox 742 3426 775 3488; x_wconf 91' lang='lat' dir='ltr'><strong>in</strong></span> <span class='ocrx_word' id='word_1_318' title='bbox 797 3421 879 3489; x_wconf 85' lang='lat' dir='ltr'><strong>veris</strong></span> <span class='ocrx_word' id='word_1_319' title='bbox 902 3423 1004 3489; x_wconf 88' lang='lat' dir='ltr'><strong>causis</strong></span> <span class='ocrx_word' id='word_1_320' title='bbox 1018 3423 1186 3489; x_wconf 88' lang='lat' dir='ltr'><strong>maximum</strong></span> <span class='ocrx_word' id='word_1_321' title='bbox 1201 3433 1321 3510; x_wconf 90' lang='lat' dir='ltr'><strong>partem</strong></span> <span class='ocrx_word' id='word_1_322' title='bbox 1336 3426 1487 3492; x_wconf 88' lang='lat' dir='ltr'><strong>orationis</strong></span> <span class='ocrx_word' id='word_1_323' title='bbox 1503 3425 1656 3494; x_wconf 91' lang='lat' dir='ltr'><strong>obtinent.</strong></span> 
     </span>
     <span class='ocr_line' id='line_1_33' title="bbox 322 3511 1656 3610; baseline -0.001 -21"><span class='ocrx_word' id='word_1_324' title='bbox 322 3511 461 3590; x_wconf 65' lang='lat' dir='ltr'><strong>(Constat</strong></span> <span class='ocrx_word' id='word_1_325' title='bbox 490 3521 573 3586; x_wconf 92' lang='lat' dir='ltr'><strong>enim</strong></span> <span class='ocrx_word' id='word_1_326' title='bbox 600 3516 652 3602; x_wconf 77' lang='lat' dir='ltr'><strong>ille</strong></span> <span class='ocrx_word' id='word_1_327' title='bbox 674 3516 809 3583; x_wconf 87' lang='lat' dir='ltr'><strong>ambitus</strong></span> <span class='ocrx_word' id='word_1_328' title='bbox 830 3525 862 3582; x_wconf 89' lang='lat' dir='ltr'><strong>et</strong></span> <span class='ocrx_word' id='word_1_329' title='bbox 882 3515 975 3605; x_wconf 89' lang='lat' dir='ltr'><strong>plena</strong></span> <span class='ocrx_word' id='word_1_330' title='bbox 996 3518 1237 3604; x_wconf 85' lang='lat' dir='ltr'><strong>comprehensio</strong></span> <span class='ocrx_word' id='word_1_331' title='bbox 1261 3541 1279 3586; x_wconf 93' lang='lat' dir='ltr'><strong>e</strong></span> <span class='ocrx_word' id='word_1_332' title='bbox 1301 3529 1451 3608; x_wconf 88' lang='lat' dir='ltr'><strong>quattuor</strong></span> <span class='ocrx_word' id='word_1_333' title='bbox 1471 3519 1539 3588; x_wconf 85' lang='lat' dir='ltr'><strong>iere</strong></span> <span class='ocrx_word' id='word_1_334' title='bbox 1559 3521 1656 3610; x_wconf 91' lang='lat' dir='ltr'><strong>parti·</strong></span> 
     </span>
     <span class='ocr_line' id='line_1_34' title="bbox 333 3611 1659 3702; baseline -0.001 -19"><span class='ocrx_word' id='word_1_335' title='bbox 333 3612 411 3695; x_wconf 74' lang='lat' dir='ltr'><strong>bus‘,</strong></span> <span class='ocrx_word' id='word_1_336' title='bbox 435 3635 516 3702; x_wconf 87' lang='lat' dir='ltr'><strong>quae</strong></span> <span class='ocrx_word' id='word_1_337' title='bbox 536 3616 679 3679; x_wconf 89' lang='lat' dir='ltr'><strong>membra</strong></span> <span class='ocrx_word' id='word_1_338' title='bbox 701 3611 851 3688; x_wconf 89' lang='lat' dir='ltr'><strong>dicimus,</strong></span> <span class='ocrx_word' id='word_1_339' title='bbox 873 3621 955 3679; x_wconf 88' lang='lat' dir='ltr'><strong>utet</strong></span> <span class='ocrx_word' id='word_1_340' title='bbox 971 3632 1066 3678; x_wconf 90' lang='lat' dir='ltr'><strong>aures</strong></span> <span class='ocrx_word' id='word_1_341' title='bbox 1086 3612 1215 3700; x_wconf 91' lang='lat' dir='ltr'><strong>impleat</strong></span> <span class='ocrx_word' id='word_1_342' title='bbox 1236 3622 1268 3680; x_wconf 91' lang='lat' dir='ltr'><strong>et</strong></span> <span class='ocrx_word' id='word_1_343' title='bbox 1289 3636 1329 3680; x_wconf 90' lang='lat' dir='ltr'><strong>ne</strong></span> <span class='ocrx_word' id='word_1_344' title='bbox 1350 3617 1481 3683; x_wconf 83' lang='lat' dir='ltr'><strong>brevior</strong></span> <span class='ocrx_word' id='word_1_345' title='bbox 1501 3618 1542 3682; x_wconf 93' lang='lat' dir='ltr'><strong>sit</strong></span> <span class='ocrx_word' id='word_1_346' title='bbox 1564 3636 1659 3702; x_wconf 90' lang='lat' dir='ltr'><strong>quam</strong></span> 
     </span>
     <span class='ocr_line' id='line_1_35' title="bbox 333 3703 1659 3800; baseline 0.001 -23"><span class='ocrx_word' id='word_1_347' title='bbox 333 3711 409 3778; x_wconf 89' lang='lat' dir='ltr'><strong>satis</strong></span> <span class='ocrx_word' id='word_1_348' title='bbox 437 3707 479 3774; x_wconf 89' lang='lat' dir='ltr'><strong>sit</strong></span> <span class='ocrx_word' id='word_1_349' title='bbox 504 3727 608 3795; x_wconf 90' lang='lat' dir='ltr'><strong>neque</strong></span> <span class='ocrx_word' id='word_1_350' title='bbox 634 3703 771 3792; x_wconf 77' lang='lat' dir='ltr'><strong>longior.</strong></span> <span class='ocrx_word' id='word_1_351' title='bbox 794 3708 1011 3793; x_wconf 70' lang='lat' dir='ltr'><strong>,Quamquam</strong></span> <span class='ocrx_word' id='word_1_352' title='bbox 1038 3715 1208 3796; x_wconf 88' lang='lat' dir='ltr'><strong>utrumqne</strong></span> <span class='ocrx_word' id='word_1_353' title='bbox 1237 3729 1461 3796; x_wconf 89' lang='lat' dir='ltr'><strong>nonuunquam</strong></span> <span class='ocrx_word' id='word_1_354' title='bbox 1482 3710 1533 3778; x_wconf 85' lang='lat' dir='ltr'><strong>rel</strong></span> <span class='ocrx_word' id='word_1_355' title='bbox 1554 3713 1659 3800; x_wconf 86' lang='lat' dir='ltr'><strong>potius</strong></span> 
     </span>
     <span class='ocr_line' id='line_1_36' title="bbox 296 3801 1657 3892; baseline 0 -20"><span class='ocrx_word' id='word_1_356' title='bbox 296 3824 431 3889; x_wconf 62' lang='lat' dir='ltr'><strong>„saepe</strong></span> <span class='ocrx_word' id='word_1_357' title='bbox 459 3801 591 3880; x_wconf 88' lang='lat' dir='ltr'><strong>accidit,</strong></span> <span class='ocrx_word' id='word_1_358' title='bbox 624 3809 660 3868; x_wconf 91' lang='lat' dir='ltr'><strong>ut</strong></span> <span class='ocrx_word' id='word_1_359' title='bbox 688 3809 742 3867; x_wconf 90' lang='lat' dir='ltr'><strong>aut</strong></span> <span class='ocrx_word' id='word_1_360' title='bbox 768 3801 859 3867; x_wconf 86' lang='lat' dir='ltr'><strong>citius</strong></span> <span class='ocrx_word' id='word_1_361' title='bbox 886 3801 1092 3868; x_wconf 88' lang='lat' dir='ltr'><strong>insistendum</strong></span> <span class='ocrx_word' id='word_1_362' title='bbox 1121 3804 1161 3869; x_wconf 87' lang='lat' dir='ltr'><strong>sit</strong></span> <span class='ocrx_word' id='word_1_363' title='bbox 1185 3812 1239 3871; x_wconf 92' lang='lat' dir='ltr'><strong>aut</strong></span> <span class='ocrx_word' id='word_1_364' title='bbox 1260 3803 1384 3890; x_wconf 77' lang='lat' dir='ltr'><strong>longius</strong></span> <span class='ocrx_word' id='word_1_365' title='bbox 1404 3803 1657 3892; x_wconf 88' lang='lat' dir='ltr'><strong>procedendum,</strong></span> 
     </span>
     <span class='ocr_line' id='line_1_37' title="bbox 312 3894 1659 3984; baseline -0.001 -17"><span class='ocrx_word' id='word_1_366' title='bbox 312 3905 375 3979; x_wconf 76' lang='lat' dir='ltr'><strong>(ne</strong></span> <span class='ocrx_word' id='word_1_367' title='bbox 403 3896 541 3964; x_wconf 81' lang='lat' dir='ltr'><strong>brevitas</strong></span> <span class='ocrx_word' id='word_1_368' title='bbox 572 3896 774 3962; x_wconf 81' lang='lat' dir='ltr'><strong>defraudasse</strong></span> <span class='ocrx_word' id='word_1_369' title='bbox 801 3915 895 3962; x_wconf 87' lang='lat' dir='ltr'><strong>aures</strong></span> <span class='ocrx_word' id='word_1_370' title='bbox 924 3894 1068 3984; x_wconf 76' lang='lat' dir='ltr'><strong>videatur</strong></span> <span class='ocrx_word' id='word_1_371' title='bbox 1088 3917 1169 3965; x_wconf 89' lang='lat' dir='ltr'><strong>nere</strong></span> <span class='ocrx_word' id='word_1_372' title='bbox 1189 3897 1354 3984; x_wconf 80' lang='lat' dir='ltr'><strong>longitudo</strong></span> <span class='ocrx_word' id='word_1_373' title='bbox 1377 3899 1555 3984; x_wconf 68' lang='lat' dir='ltr'><strong>obtendisse&gt;</strong></span> <span class='ocrx_word' id='word_1_374' title='bbox 1596 3902 1659 3966; x_wconf 88' lang='lat' dir='ltr'><strong>Sed</strong></span> 
     </span>
     <span class='ocr_line' id='line_1_38' title="bbox 333 3987 1658 4084; baseline 0.001 -25"><span class='ocrx_word' id='word_1_375' title='bbox 333 3996 438 4084; x_wconf 81' lang='lat' dir='ltr'><strong>habeo</strong></span> <span class='ocrx_word' id='word_1_376' title='bbox 458 3992 682 4058; x_wconf 87' lang='lat' dir='ltr'><strong>mediocritatis</strong></span> <span class='ocrx_word' id='word_1_377' title='bbox 702 3991 876 4070; x_wconf 81' lang='lat' dir='ltr'><strong>rationem3</strong></span> <span class='ocrx_word' id='word_1_378' title='bbox 904 4010 962 4054; x_wconf 89' lang='lat' dir='ltr'><strong>nec</strong></span> <span class='ocrx_word' id='word_1_379' title='bbox 983 3987 1068 4056; x_wconf 86' lang='lat' dir='ltr'><strong>enim</strong></span> <span class='ocrx_word' id='word_1_380' title='bbox 1088 3991 1204 4081; x_wconf 90' lang='lat' dir='ltr'><strong>loquor</strong></span> <span class='ocrx_word' id='word_1_381' title='bbox 1225 3993 1265 4059; x_wconf 94' lang='lat' dir='ltr'><strong>de</strong></span> <span class='ocrx_word' id='word_1_382' title='bbox 1286 4015 1381 4060; x_wconf 82' lang='lat' dir='ltr'><strong>versu</strong></span> <span class='ocrx_word' id='word_1_383' title='bbox 1403 4003 1435 4061; x_wconf 93' lang='lat' dir='ltr'><strong>et</strong></span> <span class='ocrx_word' id='word_1_384' title='bbox 1456 4003 1505 4061; x_wconf 89' lang='lat' dir='ltr'><strong>est</strong></span> <span class='ocrx_word' id='word_1_385' title='bbox 1524 3993 1658 4062; x_wconf 88' lang='lat' dir='ltr'><strong>liberior</strong></span> 
     </span>
     <span class='ocr_line' id='line_1_39' title="bbox 335 4085 1659 4176; baseline 0.001 -22"><span class='ocrx_word' id='word_1_386' title='bbox 335 4088 496 4175; x_wconf 81' lang='lat' dir='ltr'><strong>aliquanto</strong></span> <span class='ocrx_word' id='word_1_387' title='bbox 528 4087 641 4152; x_wconf 89' lang='lat' dir='ltr'><strong>oratio.</strong></span> <span class='ocrx_word' id='word_1_388' title='bbox 685 4088 758 4151; x_wconf 74' lang='grc'><strong>121.</strong></span> <span class='ocrx_word' id='word_1_389' title='bbox 790 4088 816 4150; x_wconf 86' lang='grc' dir='ltr'>Ε</span> <span class='ocrx_word' id='word_1_390' title='bbox 844 4092 991 4170; x_wconf 86' lang='lat' dir='ltr'><strong>quattuor</strong></span> <span class='ocrx_word' id='word_1_391' title='bbox 1021 4085 1118 4172; x_wconf 78' lang='lat' dir='ltr'><strong>igitur</strong></span> <span class='ocrx_word' id='word_1_392' title='bbox 1149 4089 1239 4176; x_wconf 88' lang='lat' dir='ltr'><strong>quasi</strong></span> <span class='ocrx_word' id='word_1_393' title='bbox 1270 4089 1528 4156; x_wconf 82' lang='lat' dir='ltr'><strong>hexametrorum</strong></span> <span class='ocrx_word' id='word_1_394' title='bbox 1560 4089 1659 4156; x_wconf 89' lang='lat' dir='ltr'><strong>instar</strong></span> 
     </span>
     <span class='ocr_line' id='line_1_40' title="bbox 335 4176 1658 4270; baseline 0 -21"><span class='ocrx_word' id='word_1_395' title='bbox 335 4201 484 4250; x_wconf 85' lang='lat' dir='ltr'><strong>versuum</strong></span> <span class='ocrx_word' id='word_1_396' title='bbox 506 4182 592 4265; x_wconf 93' lang='lat' dir='ltr'><strong>quod</strong></span> <span class='ocrx_word' id='word_1_397' title='bbox 614 4179 669 4257; x_wconf 88' lang='lat' dir='ltr'><strong>sit,</strong></span> <span class='ocrx_word' id='word_1_398' title='bbox 696 4183 819 4244; x_wconf 90' lang='lat' dir='ltr'><strong>constat</strong></span> <span class='ocrx_word' id='word_1_399' title='bbox 837 4176 905 4243; x_wconf 89' lang='lat' dir='ltr'><strong>fere</strong></span> <span class='ocrx_word' id='word_1_400' title='bbox 925 4179 1019 4263; x_wconf 88' lang='lat' dir='ltr'><strong>plena</strong></span> <span class='ocrx_word' id='word_1_401' title='bbox 1040 4182 1291 4269; x_wconf 87' lang='lat' dir='ltr'><strong>comprehensio.</strong></span> <span class='ocrx_word' id='word_1_402' title='bbox 1332 4187 1390 4250; x_wconf 84' lang='lat' dir='ltr'><strong>llis</strong></span> <span class='ocrx_word' id='word_1_403' title='bbox 1410 4183 1507 4270; x_wconf 78' lang='lat' dir='ltr'><strong>igitur</strong></span> <span class='ocrx_word' id='word_1_404' title='bbox 1527 4182 1658 4269; x_wconf 80' lang='lat' dir='ltr'><strong>singulis</strong></span> 
     </span>
     <span class='ocr_line' id='line_1_41' title="bbox 298 4272 1658 4366; baseline -0.001 -21"><span class='ocrx_word' id='word_1_405' title='bbox 298 4309 327 4354; x_wconf 68' lang='lat' dir='ltr'><strong>aa</strong></span> <span class='ocrx_word' id='word_1_406' title='bbox 335 4278 481 4346; x_wconf 77' lang='lat' dir='ltr'><strong>versibus</strong></span> <span class='ocrx_word' id='word_1_407' title='bbox 502 4276 592 4362; x_wconf 92' lang='lat' dir='ltr'><strong>quasi</strong></span> <span class='ocrx_word' id='word_1_408' title='bbox 616 4272 693 4340; x_wconf 91' lang='lat' dir='ltr'><strong>nodi</strong></span> <span class='ocrx_word' id='word_1_409' title='bbox 720 4280 874 4359; x_wconf 87' lang='lat' dir='ltr'><strong>apparent</strong></span> <span class='ocrx_word' id='word_1_410' title='bbox 901 4274 1163 4355; x_wconf 90' lang='lat' dir='ltr'><strong>continuationis,</strong></span> <span class='ocrx_word' id='word_1_411' title='bbox 1198 4299 1279 4364; x_wconf 91' lang='lat' dir='ltr'><strong>quos</strong></span> <span class='ocrx_word' id='word_1_412' title='bbox 1300 4278 1333 4345; x_wconf 91' lang='lat' dir='ltr'><strong>in</strong></span> <span class='ocrx_word' id='word_1_413' title='bbox 1356 4277 1475 4346; x_wconf 89' lang='lat' dir='ltr'><strong>ambitu</strong></span> <span class='ocrx_word' id='word_1_414' title='bbox 1496 4278 1658 4366; x_wconf 76' lang='lat' dir='ltr'><strong>coniungi-</strong></span> 
     </span>
     <span class='ocr_line' id='line_1_42' title="bbox 336 4365 1657 4459; baseline 0 -19"><span class='ocrx_word' id='word_1_415' title='bbox 336 4393 418 4440; x_wconf 88' lang='lat' dir='ltr'><strong>mus.</strong></span> <span class='ocrx_word' id='word_1_416' title='bbox 464 4368 519 4435; x_wconf 86' lang='lat' dir='ltr'><strong>Sin</strong></span> <span class='ocrx_word' id='word_1_417' title='bbox 540 4369 739 4435; x_wconf 87' lang='lat' dir='ltr'><strong>membratim</strong></span> <span class='ocrx_word' id='word_1_418' title='bbox 759 4366 904 4435; x_wconf 87' lang='lat' dir='ltr'><strong>volumus</strong></span> <span class='ocrx_word' id='word_1_419' title='bbox 926 4365 1052 4449; x_wconf 87' lang='lat' dir='ltr'><strong>dicere,</strong></span> <span class='ocrx_word' id='word_1_420' title='bbox 1074 4371 1261 4449; x_wconf 89' lang='lat' dir='ltr'><strong>insistimus,</strong></span> <span class='ocrx_word' id='word_1_421' title='bbox 1283 4370 1379 4459; x_wconf 90' lang='lat' dir='ltr'><strong>idque</strong></span> <span class='ocrx_word' id='word_1_422' title='bbox 1400 4396 1472 4439; x_wconf 91' lang='lat' dir='ltr'><strong>cum</strong></span> <span class='ocrx_word' id='word_1_423' title='bbox 1495 4395 1574 4458; x_wconf 87' lang='lat' dir='ltr'><strong>opus</strong></span> <span class='ocrx_word' id='word_1_424' title='bbox 1597 4381 1657 4452; x_wconf 86' lang='lat' dir='ltr'><strong>est,</strong></span> 
     </span>
     <span class='ocr_line' id='line_1_43' title="bbox 336 4460 1659 4553; baseline 0 -18"><span class='ocrx_word' id='word_1_425' title='bbox 336 4467 377 4535; x_wconf 93' lang='lat' dir='ltr'><strong>ab</strong></span> <span class='ocrx_word' id='word_1_426' title='bbox 402 4467 462 4534; x_wconf 89' lang='lat' dir='ltr'><strong>isto</strong></span> <span class='ocrx_word' id='word_1_427' title='bbox 489 4485 584 4532; x_wconf 88' lang='lat' dir='ltr'><strong>eursu</strong></span> <span class='ocrx_word' id='word_1_428' title='bbox 610 4461 766 4530; x_wconf 83' lang='lat' dir='ltr'><strong>invidioso</strong></span> <span class='ocrx_word' id='word_1_429' title='bbox 793 4460 886 4527; x_wconf 80' lang='lat' dir='ltr'><strong>facile</strong></span> <span class='ocrx_word' id='word_1_430' title='bbox 911 4482 969 4530; x_wconf 90' lang='lat' dir='ltr'><strong>uos</strong></span> <span class='ocrx_word' id='word_1_431' title='bbox 995 4472 1027 4530; x_wconf 91' lang='lat' dir='ltr'><strong>et</strong></span> <span class='ocrx_word' id='word_1_432' title='bbox 1046 4485 1141 4552; x_wconf 86' lang='lat' dir='ltr'><strong>saepe</strong></span> <span class='ocrx_word' id='word_1_433' title='bbox 1162 4465 1365 4553; x_wconf 73' lang='lat' dir='ltr'><strong>diiunqimus.</strong></span> <span class='ocrx_word' id='word_1_434' title='bbox 1410 4467 1474 4536; x_wconf 90' lang='lat' dir='ltr'><strong>Sed</strong></span> <span class='ocrx_word' id='word_1_435' title='bbox 1494 4469 1572 4536; x_wconf 88' lang='lat' dir='ltr'><strong>nibil</strong></span> <span class='ocrx_word' id='word_1_436' title='bbox 1593 4478 1659 4535; x_wconf 88' lang='lat' dir='ltr'><strong>tam</strong></span> 
     </span>
     <span class='ocr_line' id='line_1_44' title="bbox 335 4557 1660 4652; baseline -0.001 -21"><span class='ocrx_word' id='word_1_437' title='bbox 335 4561 432 4630; x_wconf 88' lang='lat' dir='ltr'><strong>debet</strong></span> <span class='ocrx_word' id='word_1_438' title='bbox 452 4581 521 4628; x_wconf 88' lang='lat' dir='ltr'><strong>esse</strong></span> <span class='ocrx_word' id='word_1_439' title='bbox 542 4577 747 4626; x_wconf 90' lang='lat' dir='ltr'><strong>numerosum</strong></span> <span class='ocrx_word' id='word_1_440' title='bbox 768 4578 864 4643; x_wconf 90' lang='lat' dir='ltr'><strong>quarn</strong></span> <span class='ocrx_word' id='word_1_441' title='bbox 883 4557 962 4636; x_wconf 92' lang='lat' dir='ltr'><strong>hoc,</strong></span> <span class='ocrx_word' id='word_1_442' title='bbox 995 4559 1082 4646; x_wconf 94' lang='lat' dir='ltr'><strong>quod</strong></span> <span class='ocrx_word' id='word_1_443' title='bbox 1102 4560 1232 4629; x_wconf 89' lang='lat' dir='ltr'><strong>minime</strong></span> <span class='ocrx_word' id='word_1_444' title='bbox 1252 4570 1385 4652; x_wconf 87' lang='lat' dir='ltr'><strong>apparet</strong></span> <span class='ocrx_word' id='word_1_445' title='bbox 1406 4572 1439 4630; x_wconf 89' lang='lat' dir='ltr'><strong>et</strong></span> <span class='ocrx_word' id='word_1_446' title='bbox 1458 4563 1542 4632; x_wconf 83' lang='lat' dir='ltr'><strong>valet</strong></span> <span class='ocrx_word' id='word_1_447' title='bbox 1561 4563 1660 4652; x_wconf 87' lang='lat' dir='ltr'><strong>pluri·</strong></span> 
     </span>
     <span class='ocr_line' id='line_1_45' title="bbox 335 4651 1657 4754; baseline 0 -28"><span class='ocrx_word' id='word_1_448' title='bbox 335 4677 434 4726; x_wconf 88' lang='lat' dir='ltr'><strong>mum.</strong></span> <span class='ocrx_word' id='word_1_449' title='bbox 475 4659 526 4723; x_wconf 86' lang='lat' dir='ltr'><strong>Ex</strong></span> <span class='ocrx_word' id='word_1_450' title='bbox 545 4659 607 4724; x_wconf 90' lang='lat' dir='ltr'><strong>boc</strong></span> <span class='ocrx_word' id='word_1_451' title='bbox 628 4672 744 4741; x_wconf 79' lang='lat' dir='ltr'><strong>genere</strong></span> <span class='ocrx_word' id='word_1_452' title='bbox 765 4651 845 4720; x_wconf 93' lang='lat' dir='ltr'><strong>illud</strong></span> <span class='ocrx_word' id='word_1_453' title='bbox 865 4661 913 4720; x_wconf 89' lang='lat' dir='ltr'><strong>est</strong></span> <span class='ocrx_word' id='word_1_454' title='bbox 941 4656 1061 4721; x_wconf 86' lang='lat' dir='ltr'><strong>Crassi:</strong></span> <span class='ocrx_word' id='word_1_455' title='bbox 1097 4655 1241 4724; x_wconf 82' lang='lat' dir='ltr'><strong>Missos</strong></span> <span class='ocrx_word' id='word_1_456' title='bbox 1271 4656 1657 4754; x_wconf 84' lang='lat' dir='ltr'><strong>faciantpatronos:</strong></span> 
     </span>
    </p>
   </div>
   <div class='ocr_carea' id='block_1_3' title="bbox 337 4880 1658 5170">
    <p class='ocr_par' dir='ltr' id='par_1_4' title="bbox 337 4880 1658 5170">
     <span class='ocr_line' id='line_1_46' title="bbox 406 4880 1657 4950; baseline 0.002 -9"><span class='ocrx_word' id='word_1_457' title='bbox 406 4887 434 4941; x_wconf 76' lang='grc' dir='ltr'><strong>δ.</strong></span> <span class='ocrx_word' id='word_1_458' title='bbox 454 4887 502 4938; x_wconf 78' lang='lat' dir='ltr'><strong>hoc</strong></span> <span class='ocrx_word' id='word_1_459' title='bbox 518 4889 557 4939; x_wconf 82' lang='lat' dir='ltr'><strong>sat</strong></span> <span class='ocrx_word' id='word_1_460' title='bbox 574 4885 648 4938; x_wconf 78' lang='lat' dir='ltr'><strong>litus.</strong></span> <span class='ocrx_word' id='word_1_461' title='bbox 670 4909 699 4924; x_wconf 86' lang='lat'><strong>·-</strong></span> <span class='ocrx_word' id='word_1_462' title='bbox 730 4883 775 4938; x_wconf 82' lang='grc'><strong>11.</strong></span> <span class='ocrx_word' id='word_1_463' title='bbox 799 4880 867 4950; x_wconf 84' lang='lat' dir='ltr'><strong>acm]</strong></span> <span class='ocrx_word' id='word_1_464' title='bbox 894 4883 969 4937; x_wconf 85' lang='lat' dir='ltr'><strong>lltum</strong></span> <span class='ocrx_word' id='word_1_465' title='bbox 987 4883 1079 4938; x_wconf 80' lang='lat' dir='ltr'><strong>hamb.</strong></span> <span class='ocrx_word' id='word_1_466' title='bbox 1101 4913 1130 4927; x_wconf 89' lang='lat'>-</span> <span class='ocrx_word' id='word_1_467' title='bbox 1162 4885 1206 4941; x_wconf 79' lang='grc'><strong>17.</strong></span> <span class='ocrx_word' id='word_1_468' title='bbox 1226 4899 1259 4939; x_wconf 84' lang='lat' dir='ltr'><strong>so</strong></span> <span class='ocrx_word' id='word_1_469' title='bbox 1275 4890 1301 4941; x_wconf 88' lang='lat' dir='ltr'><strong>st</strong></span> <span class='ocrx_word' id='word_1_470' title='bbox 1317 4903 1372 4941; x_wconf 76' lang='lat' dir='ltr'><strong>noo</strong></span> <span class='ocrx_word' id='word_1_471' title='bbox 1389 4886 1439 4944; x_wconf 86' lang='lat' dir='ltr'><strong>Gn.</strong></span> <span class='ocrx_word' id='word_1_472' title='bbox 1460 4890 1487 4941; x_wconf 88' lang='lat' dir='ltr'><strong>l.</strong></span> <span class='ocrx_word' id='word_1_473' title='bbox 1506 4889 1540 4942; x_wconf 85' lang='lat' dir='ltr'><strong>ll.</strong></span> <span class='ocrx_word' id='word_1_474' title='bbox 1559 4915 1594 4926; x_wconf 89' lang='lat'><em>-</em></span> <span class='ocrx_word' id='word_1_475' title='bbox 1611 4889 1657 4944; x_wconf 81' lang='grc'><strong>11.</strong></span> 
     </span>
     <span class='ocr_line' id='line_1_47' title="bbox 338 4955 1658 5015; baseline 0 -2"><span class='ocrx_word' id='word_1_476' title='bbox 338 4965 376 5014; x_wconf 83' lang='lat' dir='ltr'><strong>cst</strong></span> <span class='ocrx_word' id='word_1_477' title='bbox 393 4959 447 5011; x_wconf 79' lang='lat' dir='ltr'><strong>vlt.</strong></span> <span class='ocrx_word' id='word_1_478' title='bbox 467 4957 538 5012; x_wconf 79' lang='lat' dir='ltr'><strong>litut·</strong></span> <span class='ocrx_word' id='word_1_479' title='bbox 557 4957 605 5010; x_wconf 83' lang='lat' dir='ltr'><strong>Dr·</strong></span> <span class='ocrx_word' id='word_1_480' title='bbox 623 4957 699 5013; x_wconf 80' lang='lat' dir='ltr'><strong>Mon.</strong></span> <span class='ocrx_word' id='word_1_481' title='bbox 719 4955 772 5008; x_wconf 83' lang='lat' dir='ltr'><strong>Gn.</strong></span> <span class='ocrx_word' id='word_1_482' title='bbox 792 4957 819 5008; x_wconf 89' lang='lat'><strong>1.</strong></span> <span class='ocrx_word' id='word_1_483' title='bbox 838 4957 864 5010; x_wconf 75' lang='grc'><strong>1.</strong></span> <span class='ocrx_word' id='word_1_484' title='bbox 884 4955 927 5010; x_wconf 78' lang='lat' dir='ltr'><strong>lt:</strong></span> <span class='ocrx_word' id='word_1_485' title='bbox 946 4961 1015 5009; x_wconf 80' lang='lat' dir='ltr'><strong>torst</strong></span> <span class='ocrx_word' id='word_1_486' title='bbox 1033 4959 1064 5011; x_wconf 78' lang='grc'><strong>11.</strong></span> <span class='ocrx_word' id='word_1_487' title='bbox 1084 4981 1116 4996; x_wconf 88' lang='lat'><strong>·-</strong></span> <span class='ocrx_word' id='word_1_488' title='bbox 1135 4957 1179 5008; x_wconf 77' lang='grc'><strong>11.</strong></span> <span class='ocrx_word' id='word_1_489' title='bbox 1198 4965 1261 5011; x_wconf 82' lang='lat' dir='ltr'><strong>urta</strong></span> <span class='ocrx_word' id='word_1_490' title='bbox 1278 4959 1332 5012; x_wconf 82' lang='lat' dir='ltr'><strong>vu.</strong></span> <span class='ocrx_word' id='word_1_491' title='bbox 1347 4959 1440 5015; x_wconf 72' lang='lat' dir='ltr'><strong>ulnas</strong></span> <span class='ocrx_word' id='word_1_492' title='bbox 1461 4969 1539 5014; x_wconf 84' lang='lat' dir='ltr'><strong>arcte</strong></span> <span class='ocrx_word' id='word_1_493' title='bbox 1552 4961 1609 5014; x_wconf 75' lang='lat' dir='ltr'><strong>RB.</strong></span> <span class='ocrx_word' id='word_1_494' title='bbox 1625 4985 1658 5000; x_wconf 89' lang='lat'>-</span> 
     </span>
     <span class='ocr_line' id='line_1_48' title="bbox 337 5027 1658 5170; baseline 0.005 -88"><span class='ocrx_word' id='word_1_495' title='bbox 337 5030 526 5170; x_wconf 41' lang='lat' dir='ltr'><strong>auxerunt&amp;</strong></span> <span class='ocrx_word' id='word_1_496' title='bbox 548 5053 578 5068; x_wconf 94' lang='lat'><em>-</em></span> <span class='ocrx_word' id='word_1_497' title='bbox 596 5030 641 5083; x_wconf 89' lang='grc'><strong>11.</strong></span> <span class='ocrx_word' id='word_1_498' title='bbox 659 5029 784 5081; x_wconf 78' lang='lat' dir='ltr'><strong>notemus</strong></span> <span class='ocrx_word' id='word_1_499' title='bbox 799 5027 892 5081; x_wconf 79' lang='lat' dir='ltr'><strong>bamb.</strong></span> <span class='ocrx_word' id='word_1_500' title='bbox 911 5051 945 5067; x_wconf 90' lang='lat'><em>-</em></span> <span class='ocrx_word' id='word_1_501' title='bbox 973 5028 1018 5079; x_wconf 78' lang='lat' dir='ltr'><strong>te.</strong></span> <span class='ocrx_word' id='word_1_502' title='bbox 1037 5029 1203 5095; x_wconf 75' lang='lat' dir='ltr'><strong>diiunqtmoc</strong></span> <span class='ocrx_word' id='word_1_503' title='bbox 1219 5031 1293 5084; x_wconf 79' lang='lat' dir='ltr'><strong>litus.</strong></span> <span class='ocrx_word' id='word_1_504' title='bbox 1312 5030 1360 5085; x_wconf 83' lang='lat' dir='ltr'><strong>Dr.</strong></span> <span class='ocrx_word' id='word_1_505' title='bbox 1380 5031 1431 5086; x_wconf 87' lang='lat' dir='ltr'><strong>Gu.</strong></span> <span class='ocrx_word' id='word_1_506' title='bbox 1452 5033 1477 5086; x_wconf 87' lang='lat'><strong>1.</strong></span> <span class='ocrx_word' id='word_1_507' title='bbox 1496 5033 1524 5085; x_wconf 73' lang='grc'><strong>1.</strong></span> <span class='ocrx_word' id='word_1_508' title='bbox 1542 5033 1585 5086; x_wconf 84' lang='lat' dir='ltr'><strong>lt:</strong></span> <span class='ocrx_word' id='word_1_509' title='bbox 1604 5033 1658 5088; x_wconf 83' lang='lat' dir='ltr'><strong>dta-</strong></span> 
     </span>
    </p>
   </div>
   <div class='ocr_carea' id='block_1_4' title="bbox 0 0 1878 5850">
    <p class='ocr_par' dir='ltr' id='par_1_5' title="bbox 0 0 1878 5850">
     <span class='ocr_line' id='line_1_49' title="bbox 0 0 1878 5850; baseline 0 0"><span class='ocrx_word' id='word_1_510' title='bbox 0 0 1878 5850; x_wconf 95' lang='lat' dir='ltr'><strong> </strong></span> 
     </span>
    </p>
   </div>
  </div>
 </body>
</html>
