3742 5852
296 451 359 521 300
885 453 1036 520 BRUTUS
1064 495 1067 506 .

98 626 165 774 β
297 615 420 695 suavis3
433 615 547 681 'motus
568 621 600 680 et
621 620 726 699 gestus
747 611 842 678 etiam
856 612 928 698 plus
941 616 1017 682 artis
1031 612 1184 699 habebat,
1207 635 1301 703 mam
1316 623 1384 684 erat
1398 623 1519 688 oratori
1535 626 1621 692 satis.

165 700 188 743 '⁶
296 713 368 778 Hoc
388 711 485 796 igitur
505 708 691 776 lloresceuta
713 708 843 774 Crassus
863 717 911 773 est
931 719 1090 784 mortuus,
1120 699 1208 776 Cotta
1230 711 1355 794 pulsus,
1391 713 1507 782 iudicia
1527 717 1625 786 inter-

296 806 392 873 missa
412 806 515 886 bello;
539 825 597 870 nos
616 806 650 869 in
671 801 776 868 forum
797 805 952 869 venimus.
993 807 1167 873 xxxxix.
1192 807 1264 876 301.
1283 810 1362 871 Erat
1375 809 1563 878 Hortensius
1590 817 1624 879 in

297 904 404 980 bello,
442 899 544 989 primo
574 918 657 964 auno
685 889 792 976 milea',
827 898 925 964 altero
955 897 1098 967 tribunus
1129 900 1281 980 militum;
1319 901 1473 989 Sulpicius
1502 906 1624 990 legatus

275 998 426 1075 saberet,
450 998 544 1062 etiam
565 997 608 1060 M.
624 995 795 1072 Antonium
820 993 1028 1062 exercebatur
1048 1017 1112 1063 una
1125 994 1197 1081 lege
1211 993 1362 1062 iudicium
1376 997 1487 1075 Varia,
1510 1001 1625 1068 ceteris

296 1097 426 1179 propter
446 1089 565 1155 bellum
585 1087 789 1154 intermissis:
811 1091 862 1155 cni
882 1089 1032 1178 frequens
1053 1094 1196 1169 aderam,
1218 1111 1406 1178 quamquam
1430 1111 1489 1179 pro
1512 1096 1625 1183 seipsi

296 1185 445 1251 dicebant
473 1191 616 1250 oratores
642 1202 708 1249 uon
735 1181 780 1248 illi
810 1185 939 1269 quidem
968 1185 1145 1272 principes,
1178 1189 1213 1251 L.
1233 1189 1399 1253 Memmius
1421 1197 1453 1253 et
1474 1189 1514 1267 Q.
1530 1192 1625 1256 Pom-

295 1279 402 1364 peius,
425 1282 481 1345 sad
503 1285 644 1344 oratores
664 1285 787 1353 tamen,
808 1286 887 1344 teste
910 1279 1026 1347 diserto
1049 1292 1182 1367 uterque
1195 1279 1360 1364 Philippo,
1383 1281 1473 1348 cuius
1487 1281 1521 1349 iu
1536 1284 1625 1349 testi-

297 1373 406 1440 monio
428 1375 585 1439 contentio
610 1373 726 1438 etnim
748 1374 938 1439 accusatoris
960 1374 1096 1441 habebat
1117 1383 1150 1441 et
1172 1376 1307 1463 copiam.

259 1483 289 1523 ¹·
382 1471 456 1534 305.
493 1467 636 1553 Reliqui,
669 1467 724 1552 qui
753 1475 818 1532 tum
845 1467 1005 1554 principes
1034 1473 1297 1546 numerabantur,
1329 1471 1362 1536 in
1390 1470 1624 1555 magistratibus

297 1572 386 1629 erant
412 1562 617 1648 quotidieque
645 1560 713 1627 lere
740 1582 758 1626 a
785 1559 877 1629 nobis
906 1563 939 1628 iu
961 1564 1160 1631 contionibus
1182 1563 1402 1636 audiebantur.
1426 1561 1520 1640 t'Erat
1540 1569 1624 1632 enim

119 1679 154 1808 q·
197 1687 217 1748 q
296 1655 441 1726 tribunus
461 1657 505 1741 pl.
523 1664 590 1721 tum
613 1657 647 1726 C.
663 1656 782 1741 Curio)
811 1677 1000 1744 quamquam
1022 1658 1050 1724 is
1072 1658 1199 1746 quidem
1221 1658 1350 1736 silebat,
1384 1667 1419 1725 ut
1440 1651 1507 1726 erat
1528 1659 1625 1726 semel

85 1754 100 1786 s
147 1741 189 1785 ⁴
205 1770 213 1788 “
297 1774 315 1819 a
336 1754 483 1818 contione
503 1751 650 1817 universa
670 1750 818 1829 relictus;
843 1753 882 1830 Q.
897 1753 1041 1820 Metellus
1064 1747 1256 1830 Celer,)n0n
1278 1753 1332 1818 ille
1353 1753 1481 1840 quidem
1502 1763 1623 1832 orator,

106 1829 114 1856 ²
298 1851 352 1914 sed
375 1854 481 1912 umen
502 1866 565 1911 nou
586 1843 704 1923 iufaus3
724 1844 847 1942 (diserti
869 1855 972 1912 autem
997 1851 1037 1926 Q.
1054 1850 1188 1923 Varius,
1220 1847 1253 1912 C.
1275 1846 1394 1923 Carbo,
1417 1852 1473 1914 Cn.
1489 1853 1626 1935 Pompo-

103 1887 237 2050 ,(ἶῖ
259 1925 391 2023 sentus)
407 1950 440 2007 et
460 1941 493 2005 hi
515 1942 643 2025 quidem
665 1938 847 2006 habitabant
866 1944 899 2006 in
920 1943 1053 2008 Rostris.
1099 1943 1133 2006 C.
1154 1945 1248 2008 etiam
1267 1942 1378 2019 lulius,
1402 1942 1511 2008 aedilis
1533 1964 1625 2009 curu-

207 2040 219 2056 *
296 2036 352 2111 lis,
384 2033 526 2122 quotidie
557 2036 624 2100 lere
652 2042 812 2100 accuratas
841 2039 1005 2102 contiones
1035 2035 1181 2102 habebat.
1226 2035 1287 2102 Sed
1316 2057 1367 2102 me
1389 2017 1625 2124 cupidissimum

297 2129 445 2196 audiendi
467 2132 587 2214 primus
609 2128 701 2195 dolor
722 2129 892 2215 percussit,
916 2134 1005 2197 Cotta
1027 2151 1097 2195 cum
1120 2139 1167 2196 est
1188 2129 1347 2216 expulsus.
1390 2131 1539 2217 Reliquos
1561 2129 1626 2196 ire·

298 2233 433 2316 queutqr
450 2223 583 2290 audiens
604 2227 761 2291 acerrimo
783 2225 887 2290 studio
907 2228 1039 2290 tenebar
1052 2225 1257 2313 quotidieque
1272 2235 1304 2290 et
1318 2229 1458 2291 scribens
1473 2235 1505 2291 et
1518 2226 1625 2312 legens

299 2330 331 2386 et
358 2328 572 2386 commentans
606 2319 754 2384 oratoriis
786 2326 906 2384 tantum
939 2319 1216 2386 exercitationibus
1245 2328 1408 2385 contentus
1436 2340 1500 2386 nou
1528 2342 1625 2391 eram.

259 2413 364 2479 salam
397 2421 608 2498 consequente
637 2433 720 2479 auno
749 2414 789 2491 Q.
817 2416 930 2482 Varius
959 2433 1015 2478 sua
1042 2413 1112 2498 lege
1135 2416 1299 2480 damnatus
1321 2422 1509 2480 excesserat.
1553 2419 1626 2482 306.

176 2503 205 2610 ὑί
297 2512 366 2594 Ego
381 2520 485 2575 autem
499 2508 578 2573 iuris
593 2507 693 2573 civilis
708 2509 810 2572 studio
826 2508 960 2574 multum
982 2528 1097 2594 operae
1119 2506 1231 2573 dabam
1254 2511 1293 2585 Q.
1310 2508 1496 2585 Scaevolae,
1521 2509 1559 2598 9
1573 2511 1624 2586 F.,

298 2607 370 2691 qui,
406 2623 596 2692 quamquam
626 2603 745 2668 nemini
774 2624 809 2668 se
839 2603 879 2668 ad
907 2602 1085 2669 docendum
1112 2605 1224 2678 dabat,
1262 2610 1364 2667 umen
1393 2589 1626 2668 consulentsssus

298 2701 520 2783 respondendo
553 2697 712 2763 studiosos
746 2697 895 2762 audiendi
925 2700 1069 2763 docebat.
1111 2698 1214 2782 Atque
1246 2694 1318 2761 huic
1347 2717 1429 2762 anno
1459 2700 1626 2781 proximus

75 2789 1628 2973 ..te1⁴l·tltltttltt-'tthPtthlt...lehi·{tlttlltllttthtttlff

300 3003 393 3070 pore,
431 3003 502 3048 cum
534 2983 681 3069 princeps
712 2983 897 3047 Academiae
929 2981 1018 3046 Philo
1052 3003 1124 3047 cum
1155 2984 1393 3048 Atheniensium
1426 2980 1627 3069 optimatibus

299 3076 507 3144 Mithridatico
536 3074 621 3141 bello
650 3074 745 3140 domo
774 3075 965 3161 profugisset
993 3080 1187 3162 Romamque
1214 3078 1365 3150 venisset,
1401 3083 1501 3142 totum
1523 3076 1555 3141 ei
1577 3095 1627 3142 me

301 3170 415 3237 tradidi
442 3169 619 3236 admirabili
649 3172 786 3255 quodam
814 3168 854 3235 ad
881 3169 1112 3256 philosophiam
1142 3171 1245 3235 studio
1275 3169 1468 3250 concitatus3
1500 3171 1533 3236 in
1564 3191 1628 3258 quo

300 3265 361 3332 boc
383 3265 475 3331 etiam
499 3263 719 3332 commorabar
739 3264 899 3345 attentius,
933 3263 1036 3352 quod,
1052 3259 1129 3344 (etsi
1151 3284 1259 3328 rerum
1281 3264 1420 3348 ipsarum
1441 3265 1574 3331 varietas
1597 3275 1629 3331 et

110 3367 192 3472 *pa
262 3362 483 3448 ttmaquitudo
505 3381 629 3427 summa
649 3382 700 3425 me
723 3358 931 3425 delectatione
952 3353 1127 3444 retinebat)
1149 3366 1252 3423 umen
1275 3362 1399 3424 sublata
1419 3359 1482 3424 iam
1505 3380 1573 3426 esse
1595 3363 1629 3424 in

300 3466 488 3542 perpetuum
519 3455 601 3521 ratio
633 3453 822 3520 iudiciorum
854 3452 1033 3520 videbatur.
1087 3456 1158 3517 307.
1193 3452 1359 3519 Occiderat
1390 3452 1543 3540 Sulpicius
1572 3454 1627 3520 illo

301 3571 383 3616 auno
412 3560 538 3637 tresque
565 3551 710 3636 proximo
738 3551 998 3613 trium·aetatnm
1021 3557 1164 3613 oratores
1186 3559 1275 3613 erant
1296 3545 1510 3616 crudelissime
1533 3553 1630 3614 inter

177 3653 189 3691 s
301 3646 394 3722 lecti,
427 3647 468 3724 Q.
494 3644 639 3721 Catulus,
673 3648 715 3710 M.
735 3641 908 3720 Antonius,
933 3644 966 3709 C.
987 3643 1097 3709 Iulius.
1141 3642 1262 3709 Eodem
1284 3665 1368 3709 anno
1391 3647 1483 3710 etiam
1506 3643 1624 3710 Moloni

165 3742 174 3757 '
303 3742 426 3810 Rhodio
449 3743 568 3807 Romae
591 3740 735 3805 dedimus
757 3758 887 3824 operam
909 3744 940 3803 et
961 3741 1058 3802 actori
1080 3758 1205 3804 summo
1227 3759 1390 3804 causarum
1412 3749 1443 3804 et
1465 3738 1628 3822 magistro.

264 3851 292 3893 π
303 3838 370 3902 XC.
395 3839 480 3902 Haec
503 3834 568 3900 etsi·
583 3839 729 3901 videntur
751 3855 821 3900 esse
842 3833 1036 3920 aproposita
1051 3834 1171 3898 ratione
1187 3833 1332 3910 diversa,
1357 3843 1459 3900 tamen
1474 3833 1592 3898 idcirco
1610 3854 1629 3898 a

303 3953 355 3996 me
369 3932 594 4019 proferuntur,
616 3936 652 3995 ut
666 3938 808 3993 nostrum
823 3948 949 3994 cursum
964 3929 1163 4012 perspicere,
1187 3930 1337 4014 qquam
1352 3929 1497 4002 voluisti,
1518 3930 1625 4003 Brute,

303 4026 467 4113 possis-
487 4045 559 4090 nam
572 4023 677 4089 Attico
699 4022 776 4088 haec
802 4030 877 4087 uota
896 4030 969 4086 sunt
985 4057 1028 4070 -
1044 4033 1076 4086 et
1096 4021 1221 4099 ridere,
1245 4021 1508 4109 quemadmodum
1531 4024 1628 4088 simus

303 4121 336 4187 in
359 4122 460 4208 spatio
480 4120 520 4197 Q.
538 4117 742 4183 Hortensium
764 4116 862 4203 ipsius
883 4116 1024 4201 vestigiis
1043 4120 1214 4201 persecuti.
1259 4119 1332 4183 308.
1357 4119 1539 4182 Triennium
1560 4118 1629 4182 lere

302 4215 362 4282 luit
383 4212 460 4280 urbs
485 4216 554 4279 siue
578 4213 693 4290 armis,
728 4214 784 4278 sed
807 4219 970 4278 oratorum
996 4220 1051 4278 aut
1074 4212 1203 4278 interitu
1229 4222 1283 4278 aut
1308 4211 1447 4278 discessu
1474 4221 1529 4277 aut
1553 4211 1628 4295 fuga

121 4326 152 4415 p
160 4329 184 4412 ὅ
239 4306 243 4315 ’
265 4319 346 4362 ⁴·—
359 4311 580 4398 namt'aberapt
600 4309 693 4372 etium
709 4305 924 4372 adolescentes
939 4311 981 4372 M.
999 4308 1129 4373 Crassus
1141 4317 1172 4373 et
1182 4309 1307 4373 Lentuli
1323 4310 1443 4393 duo)—
1461 4305 1578 4389 primas
1595 4307 1628 4369 in

80 4398 95 4419 '³
304 4403 406 4470 causis
426 4405 539 4489 agebat
559 4402 764 4479 Hortensius;
786 4399 886 4483 magis
904 4403 1067 4486 magisque
1091 4403 1231 4487 quotidie
1250 4399 1444 4486 probabatur
1457 4401 1627 4475 Antistium

303 4499 376 4566 Piso
403 4519 498 4585 saepe
527 4495 669 4575 dicebat;
704 4497 808 4560 minus
837 4515 932 4580 saepe
960 4498 1168 4583 Pomponius,
1199 4517 1273 4561 raro
1304 4497 1425 4571 Carbo,
1458 4495 1556 4558 semel
1576 4499 1632 4558 aut

375 4776 402 4826 5.
421 4775 459 4829 M.
480 4780 551 4826 recta
571 4771 699 4825 dalertsss
717 4772 822 4825 rtdetnr
842 4771 956 4823 Ellendt.
982 4797 1012 4808 -
1042 4794 1073 4807 -
1100 4771 1127 4821 d.
1154 4771 1198 4821 eut
1223 4769 1344 4834 frequens
1361 4770 1473 4821 adaram
1491 4767 1549 4819 ltbrt
1575 4769 1632 4830 ptu-

306 4848 366 4898 rtrut
386 4851 413 4897 et
432 4847 474 4898 a:
502 4847 550 4910 qut
568 4845 606 4906 (td
626 4851 684 4903 ast,
715 4842 789 4909 quot)
813 4841 935 4906 {aquam
961 4841 1071 4891 aduam
1090 4841 1141 4893 Cu.
1162 4844 1187 4892 t.
1208 4841 1235 4891 2.
1264 4845 1381 4906 atttqua,
1411 4840 1481 4890 unda
1508 4840 1556 4902 qut
1579 4839 1632 4902 {ra-

307 4923 411 4982 quentse
429 4918 543 4968 aduam
561 4926 620 4966 cum
639 4914 706 4964 aldo
725 4915 815 4964 hamb.
831 4913 909 4964 11.-
927 4913 969 4963 15.
989 4912 1016 4961 ts
1034 4913 1080 4975 Lg.
1100 4909 1216 4976 (praeter
1228 4913 1271 4963 20.
1288 4911 1344 4972 35.)
1363 4912 1477 4973 atttque,
1497 4909 1540 4959 Ra
1560 4911 1581 4959 s't
1600 4911 1630 4961 11.

307 5009 341 5024 -
360 4986 404 5037 10.
423 4993 512 5037 tumea
530 4985 672 5037 Corradus.
693 4985 788 5034 -01,
808 4984 839 5047 9.
859 4984 890 5034 F.
911 4994 970 5034 cum
990 4982 1110 5033 Fabrtcto
1133 4990 1159 5034 at
1178 4983 1307 5035 Wetaello
1328 4982 1450 5033 Ellendtt
1470 4979 1501 5031 Ρ.
1520 4979 1551 5028 F.
1572 4991 1633 5031 cum

306 5057 382 5109 trhrts
401 5059 522 5108 amathus
541 5057 597 5106 tte.
627 5081 656 5093 -
689 5055 732 5105 ³0.
758 5051 857 5118 tomen]
875 5055 920 5105 aad
938 5059 1027 5106 tamen
1043 5053 1077 5104 tt.
1097 5054 1144 5118 La.
1164 5067 1256 5107 omnes
1274 5052 1390 5118 (praeter
1412 5047 1469 5117 35.)
1488 5048 1539 5101 Cu.
1560 5051 1586 5101 t.
1606 5051 1633 5102 1.

307 5129 402 5182 Drssd.
422 5127 598 5182 Emendatum
617 5127 696 5179 ettam
715 5128 742 5175 tu
761 5125 794 5176 11.
