3720 5840
676 439 753 503 ΠΒ.
776 437 829 502 IV.
876 436 911 503 G.
935 439 987 504 31.
1012 439 1064 504 32.
1089 439 1141 504 33.
1524 441 1565 507 ’11

235 603 276 666 ab
298 601 443 676 invento,
467 604 503 664 nt
524 600 550 664 si
572 601 641 684 quit
662 618 726 682 pro
744 600 860 664 Libero
882 600 1013 675 vinum,
1036 621 1096 682 pro
1121 600 1234 666 Cerere
1255 599 1380 684 frugem
1403 601 1563 682 appellet;

236 705 291 762 aut
322 698 362 761 ab
394 697 603 761 instrumento
637 697 822 770 dominnm,
859 702 893 758 nt
924 698 950 758 si
980 697 1050 779 quis
1072 696 1260 760 Macedonas
1282 694 1471 778 appellarit,
1503 696 1567 760 hoe

236 793 355 856 modo:
391 793 462 854 Non
488 799 551 854 tam
585 791 648 854 cito
680 789 813 853 sarissas
837 790 966 854 Graecia
999 790 1116 871 potitae
1139 796 1229 865 sunt;
1267 795 1322 852 aut
1350 790 1435 853 idem
1459 790 1565 854 Gallos

236 885 415 972 significans
440 886 538 949 dicat:
575 888 639 948 Nec
667 890 731 947 tarn
760 883 852 947 facile
875 905 914 947 ex
936 884 1024 946 ltalia
1047 884 1173 948 materis
1204 885 1411 966 Transalpina
1433 886 1565 966 depulsa

236 992 305 1056 est;
341 977 465 1054 antid,
496 981 581 1064 quod
602 975 656 1053 lit,
689 980 814 1055 abeo,
850 979 904 1063 qni
926 979 1017 1054 facii3
1054 985 1089 1041 ut
1110 979 1137 1041 si
1159 979 1249 1062 quis,
1286 998 1357 1042 cum
1380 979 1465 1044 bello
1489 980 1587 1045 veliis

237 1077 404 1142 ostendere
426 1074 544 1160 aliquid
565 1073 745 1158 quempiam
766 1073 896 1147 fecisse,
921 1074 1019 1136 dicat:
1057 1075 1139 1136 lilars
1161 1073 1244 1136 istud
1276 1079 1306 1137 te
1328 1074 1433 1138 fecere
1456 1095 1565 1139 neces-

237 1171 319 1236 serio
343 1171 464 1253 coligit;
493 1174 547 1232 ant
567 1170 616 1242 si,
645 1169 730 1253 quod
752 1167 844 1240 facit,
871 1167 991 1241 abeo,
1021 1169 1105 1250 quod
1128 1162 1178 1242 lii,
1202 1174 1253 1243 ut,
1278 1188 1349 1232 cum
1372 1170 1563 1234 desidiosam

237 1273 337 1329 artem
364 1265 523 1338 dicemus,
557 1263 631 1348 quia
659 1262 836 1326 desidiosos
865 1259 961 1337 sacit3
997 1268 1028 1324 et
1053 1261 1151 1344 frigus
1179 1262 1325 1345 pigrum,
1359 1264 1434 1348 qnia
1456 1264 1564 1347 pigros

237 1357 343 1427 efficit.
385 1361 512 1430 Abeo,
538 1358 623 1442 quod
647 1358 808 1431 continet,
843 1357 897 1431 id,
926 1356 1011 1441 quod
1034 1357 1232 1430 continetur,
1263 1357 1325 1419 hoc
1349 1359 1443 1422 modo
1466 1359 1565 1423 deno·

236 1453 428 1518 minabitur:
466 1453 567 1516 Armis
589 1453 676 1515 ltalia
699 1471 763 1515 non
787 1456 890 1533 potest
911 1451 994 1513 vinci
1016 1472 1075 1515 nec
1100 1451 1230 1516 Graecia
1252 1453 1438 1534 disciplinis.
1484 1455 1564 1517 Nam
1575 1475 1602 1516 ro

237 1548 289 1612 bic
310 1568 368 1630 pro
393 1547 519 1612 Graecis
542 1554 574 1610 et
595 1548 698 1620 Italis,
723 1567 804 1630 qnae
826 1546 1007 1620 continent,
1030 1547 1190 1609 nominata
1206 1554 1288 1610 sunt.
1335 1549 1453 1623 Abeo,
1478 1548 1564 1632 qnod

237 1643 431 1716 continetur,
454 1642 499 1716 id,
521 1643 608 1724 qnod
624 1643 781 1714 eontinet,
805 1648 855 1714 ut,
880 1641 905 1702 si
926 1640 996 1725 quis
1017 1660 1127 1702 aurum
1151 1647 1204 1702 ani
1224 1647 1388 1724 argenium
1411 1648 1465 1704 aui
1485 1643 1565 1705 ebur

236 1738 399 1811 nominet,
423 1755 494 1800 cum
517 1737 640 1799 divitias
662 1737 739 1800 velit
758 1735 934 1799 nominare.
980 1735 1099 1797 Harum
1115 1735 1255 1796 omnium
1272 1736 1564 1800 denominationum

236 1832 336 1915 magis
358 1832 390 1894 in
412 1831 636 1922 praecipiendo
665 1831 777 1895 divisio
807 1850 899 1915 quam
922 1831 955 1893 in
977 1827 1158 1914 quaerendo
1182 1826 1317 1894 difficilis
1339 1830 1478 1894 inventio
1502 1836 1562 1905 est,

236 1926 309 1990 ideo
332 1927 416 2008 quod
439 1927 534 2008 plena
555 1927 749 1989 consuetudo
772 1932 905 1988 estnon
928 1922 1023 1987 modo
1046 1932 1210 2006 poetarum
1234 1931 1266 1986 et
1295 1931 1476 2000 oratorum,
1507 1927 1563 1990 sed
1577 1945 1600 1988 ts

236 2021 330 2084 etiam
352 2021 526 2105 quotidiani
549 2020 725 2093 sermonis,
750 2019 931 2083 huiusmodi
954 2020 1258 2084 denominationum.

322 2114 469 2180 Circuitio
496 2120 544 2177 esi
570 2114 671 2178 oratio
697 2134 766 2178 rem
793 2115 968 2198 simplicem
994 2123 1153 2198 assumpta
1175 2115 1435 2180 circumscribens
1458 2114 1564 2180 elocu-

237 2211 341 2283 tione,
375 2209 438 2271 hoc
459 2214 569 2290 pacto:
609 2209 765 2291 Scipionis
786 2209 985 2294 providentia
1008 2210 1207 2291 Karthaginis
1230 2230 1307 2291 opes
1330 2206 1434 2292 fregit.
1485 2211 1563 2274 Nam

230 2305 307 2378 bie,
330 2302 390 2366 nisi
412 2301 544 2367 ornandi
567 2305 647 2367 ratio
671 2305 824 2390 quaedam
847 2312 931 2369 esset
951 2305 1077 2380 babila,
1103 2304 1208 2387 Scipio
1233 2304 1336 2387 potuit
1357 2312 1390 2370 et
1404 2305 1561 2389 Karthago

237 2397 423 2480 simpliciter
444 2399 607 2480 appellari.
1573 2423 1602 2465 so

320 2491 372 2556 ii.
396 2493 614 2576 Transgressio
638 2498 703 2565 est,
727 2512 808 2577 quae
829 2494 1002 2556 verborum
1020 2494 1185 2579 perturbat
1199 2494 1343 2557 ordinem
1357 2495 1564 2576 perversione

237 2597 291 2653 aut
310 2588 544 2652 transiectione.
589 2587 814 2662 Perversione,
849 2587 917 2650 sio:
953 2589 1023 2651 Hoc
1050 2588 1142 2652 vobis
1164 2585 1241 2652 deos
1263 2587 1459 2652 immortales
1480 2588 1565 2653 arbi-

236 2692 303 2748 tror
324 2683 448 2747 dedisse
469 2683 586 2762 pietate
608 2701 666 2762 pro
689 2690 805 2745 vestra.
851 2682 1104 2759 Transiectione,
1129 2681 1189 2746 boc
1211 2684 1326 2748 modo:
1349 2683 1508 2746 Instabilis
1531 2679 1567 2747 in'

236 2780 331 2843 istum
365 2777 536 2860 plurimum
568 2772 696 2839 fortuna
729 2777 838 2841 valuit.
897 2778 995 2842 Item:
1030 2778 1147 2842 Omnes
1175 2778 1332 2842 invidiose
1362 2780 1480 2861 eripuit
1507 2779 1565 2844 tibi

235 2870 318 2938 bene
351 2873 477 2935 visendi
506 2891 596 2934 casus
623 2870 799 2935 facultates.
846 2871 1033 2937 Huiusmodi
1062 2874 1265 2948 transiectio,
1302 2893 1382 2959 quae
1409 2895 1477 2938 rem
1500 2893 1602 2940 nonas

237 2969 341 3032 reddit
362 2967 550 3039 obscuram,
581 2965 713 3028 multum
743 2968 884 3050 proderit
909 2968 949 3030 ad
977 2967 1249 3042 continuationes,
1279 2969 1319 3032 de
1347 2969 1462 3055 quibus
1491 2975 1563 3032 ante

237 3064 354 3127 dictum
377 3068 446 3139 est;
469 3061 503 3123 in
524 3060 638 3145 quibus
661 3068 788 3142 oportet
809 3059 905 3125 verba
927 3062 990 3125 sint
1004 3064 1044 3126 ad
1060 3064 1219 3145 poeticum
1235 3064 1391 3148 quendam
1407 3071 1566 3129 exstructa

236 3177 425 3230 numerum,
449 3163 485 3220 ut
505 3151 645 3239 perfecte
668 3162 700 3218 et
720 3156 966 3238 perpolitissime
989 3159 1112 3240 possint
1133 3179 1202 3222 esse
1226 3160 1401 3224 absolutae.

320 3252 468 3318 XXXIII.
507 3250 684 3332 Superlatio
711 3258 758 3314 est
786 3253 886 3314 oratio
914 3273 1066 3335 superans
1088 3255 1252 3319 veritatem
1275 3256 1406 3320 alicuius
1428 3257 1565 3340 angendi

237 3347 438 3412 minuendive
469 3365 573 3409 causa.
632 3345 718 3408 llaec
750 3348 882 3410 sumitur
914 3350 1082 3431 separatim
1124 3357 1178 3414 ant
1210 3371 1281 3412 eum
1314 3351 1563 3432 comparatione.
1576 3375 1603 3418 so

239 3443 428 3526 Separatim‚
452 3442 515 3504 sic:
551 3440 673 3518 Quodsi
696 3442 898 3505 concordiam
920 3443 1145 3518 retinebimus,
1170 3443 1294 3529 imperii
1317 3447 1567 3530 magnitudinem

237 3539 313 3600 solis
335 3545 407 3602 ortu
428 3543 522 3620 atque
545 3555 659 3599 occasu
681 3534 858 3599 metiemur.
905 3539 981 3601 Curn
1010 3541 1270 3621 comparatione,
1306 3549 1361 3605 ani
1382 3562 1401 3604 a
1422 3542 1568 3607 similitu·

238 3632 311 3696 dine
333 3638 426 3695 auia
453 3631 643 3717 praestantia
674 3628 857 3714 [superlatio
885 3629 1042 3716 sumiturl.
1087 3635 1362 3711 Asimiliindine,
1390 3637 1453 3699 sio:
1491 3637 1568 3701 Cor-

237 3744 314 3810 pora
337 3726 463 3790 niveum
487 3728 672 3801 candorem,
697 3734 826 3808 aspectu
849 3727 977 3808 igneum
992 3729 1141 3792 ardorem
1156 3733 1396 3814 assequebatur.
1438 3736 1568 3818 Apree·

237 3820 366 3893 stantia,
389 3822 449 3884 boc
473 3821 586 3885 modo:
613 3821 707 3884 Cuius
729 3841 786 3884 ore
802 3841 906 3886 sermo
923 3821 1016 3887 melle
1033 3824 1156 3888 dulcior
1170 3828 1360 3906 profluebat.
1391 3828 1438 3890 Ex
1454 3824 1605 3893 eodemss

238 3933 353 3997 genere
376 3921 424 3978 est
443 3919 521 3980 boc:
559 3918 677 3980 Tantus
699 3917 820 3980 eratin
842 3918 938 3981 armis
960 3915 1134 4002 splendor,
1168 3926 1204 3984 ut
1231 3923 1307 3986 solis
1327 3919 1433 4006 fulgor
1455 3918 1567 3988 obscu·

238 4007 303 4072 rior
323 4009 495 4079 videretur.

321 4103 494 4168 Intellectio
529 4110 594 4180 est,
632 4124 703 4167 cum
731 4125 782 4168 res
809 4110 875 4170 tota
903 4126 1000 4192 parva
1029 4110 1067 4174 de
1093 4117 1183 4194 parte
1215 4114 1416 4196 cognoscitur
1442 4122 1496 4178 ant
1522 4118 1561 4182 de

305 4266 330 4317 A.
350 4272 399 4316 cui
415 4267 445 4317 s'st
461 4268 638 4318 instrumento
657 4269 794 4318 dominum
812 4268 849 4327 Ρ,
870 4274 916 4319 cci
934 4272 1107 4324 instrumento
1125 4275 1261 4330 dominnm
1274 4275 1293 4324 t
1308 4281 1334 4326 et
1345 4287 1385 4336 pr.
1399 4276 1439 4336 A,
1463 4284 1512 4328 nui
1529 4281 1571 4328 in·

236 4339 408 4388 strumentum
425 4352 476 4402 pro
495 4339 603 4389 dominc
621 4339 658 4399 T,
679 4339 755 4390 Leid.
771 4339 794 4389 l.
815 4339 877 4391 Scb.
915 4341 949 4391 Ut
968 4359 1032 4405 nos,
1058 4357 1125 4397 corr.
1140 4345 1173 4395 A.
1200 4371 1233 4382 -
1261 4345 1570 4403 casertanensis.

236 4433 271 4446 -
287 4405 407 4470 materis]
426 4412 520 4460 matris
538 4411 574 4471 P,
609 4422 648 4471 pr.
663 4411 685 4460 A
706 4417 732 4461 et
750 4416 893 4474 (superser.
906 4418 1008 4467 metue
1027 4423 1053 4467 et
1070 4414 1154 4481 mors)
1173 4417 1211 4477 li,
1238 4418 1342 4468 matris
1360 4417 1397 4475 Τ,
1429 4430 1572 4473 armature

237 4479 283 4531 1111
302 4488 329 4531 st
348 4491 415 4529 corr.
431 4481 462 4528 A.
488 4481 668 4533 Emendernnt
686 4481 819 4532 Victorius
842 4495 873 4534 ec
890 4484 1036 4538 Manutius.
1063 4513 1096 4524 -
1126 4487 1152 4539 d.
1171 4489 1319 4539 necessarie
1338 4493 1362 4539 ts
1378 4490 1462 4554 [neers
1482 4491 1517 4550 it,
1539 4491 1569 4544 L.

235 4550 263 4602 ’1.
282 4553 306 4600 si
324 4552 370 4616 qui
382 4549 463 4609 PFR,
485 4551 540 4602 liti.
553 4552 648 4602 lluisb.
665 4550 764 4603 Ceucb.
779 4553 857 4616 seb,
876 4557 900 4604 st'
917 4559 982 4620 qnid
1000 4559 1040 4619 ii,
1059 4561 1083 4610 si
1100 4562 1157 4624 quis
1176 4561 1232 4610 Til.
1249 4583 1279 4596 -
1300 4557 1327 4609 8.
1347 4573 1413 4624 quae
1426 4560 1572 4614 desidiosos

237 4621 312 4672 PFT.
336 4645 370 4656 -
399 4621 425 4671 e.
446 4619 524 4687 efficit
543 4622 693 4674 l‘AItFItT:
715 4624 780 4689 [neit
800 4623 831 4674 n.
859 4647 887 4660 -
920 4629 963 4678 11.
984 4631 1127 4682 nominata
1146 4629 1301 4682 Sennisius:
1321 4635 1491 4683 nominatam
1511 4631 1570 4700 (sic)

238 4693 277 4752 ’1,
303 4695 400 4743 notato
419 4692 531 4744 renus
550 4701 577 4746 et
596 4707 664 4745 corr.
679 4695 718 4756 A,
746 4702 813 4744 noio
833 4710 872 4759 pr.
887 4695 919 4748 A.
948 4726 982 4737 -
1005 4701 1049 4750 11.
1069 4701 1098 4751 id
1115 4704 1185 4767 qnod
1205 4705 1321 4755 eontinet
1340 4715 1392 4755 orn.
1412 4703 1569 4767 Pennus,

130 4831 138 4840 ¹
238 4769 269 4814 ut
288 4763 419 4827 plerique.
441 4788 468 4799 -
500 4772 550 4816 ont
567 4771 710 4830 arpentum
727 4765 795 4816 Piin
814 4768 922 4830 eiiique:
942 4778 967 4823 st
987 4779 1126 4835 arpentum
1144 4775 1211 4824 Ass
1230 4776 1345 4838 aliique,
1372 4774 1412 4826 osi
1431 4783 1573 4842 arpentum

240 4834 270 4884 ii.
294 4860 323 4872 -
344 4835 389 4885 2³.
410 4834 509 4886 dodim
526 4837 623 4887 uirtute
639 4845 729 4887 caira
746 4835 826 4891 PAs.
861 4839 962 4893 dedisse
979 4846 1076 4894 uirtute
1092 4857 1144 4907 pro
1161 4852 1252 4897 oestro
1271 4847 1317 4897 ΒΤ
1335 4851 1362 4898 et
1380 4859 1419 4908 pr.
1440 4847 1480 4910 11,
1509 4853 1572 4900 Item

239 4904 271 4955 1..
310 4904 424 4968 lituos,
444 4905 528 4957 Petet.
547 4906 567 4957 i.
588 4907 623 4956 ii.
645 4907 747 4959 fabric.
768 4913 796 4958 et
813 4920 879 4959 corr.
894 4911 927 4960 11.
948 4939 977 4952 -
998 4913 1043 4964 31.
1062 4915 1230 4967 retinebimus
1249 4919 1280 4969 tn
1297 4918 1406 4969 deitate
1423 4917 1444 4968 B
1464 4926 1490 4970 et
1503 4933 1571 4973 corr.

241 4975 282 5029 A.
301 4975 333 5025 l..
361 4999 389 5014 -·
422 4975 466 5028 33.
488 4976 536 5026 Vr.
558 4978 701 5040 superlatio
719 4981 832 5030 sumunt
855 4982 963 5034 seclusit
989 4985 1072 5046 Ern,
1102 4987 1154 5038 dei.
1182 4987 1243 5039 Scb.
1288 4988 1395 5040 liabent
1419 4992 1510 5044 nostrl.
1541 5015 1572 5030 -

241 5045 285 5096 35.
308 5047 349 5096 Bc
376 5060 429 5099 om.
452 5047 605 5108 sinsus,
635 5057 665 5098 ni
690 5050 810 5112 plerique
836 5059 941 5115 prester
966 5053 1060 5109 Dnislt.
1085 5057 1206 5112 stLeitl.
1226 5057 1280 5122 11..
1311 5060 1412 5116 Eodem
1435 5063 1574 5130 inponere

242 5115 318 5170 Leid.
337 5116 388 5170 111.
410 5141 439 5160 -··
460 5117 504 5173 dd.
523 5127 561 5174 est
580 5120 628 5174 iios
645 5119 797 5176 PABFRT:
817 5122 864 5176 boo
882 5125 968 5189 esen.
