3714 5844
844 934 955 1027 m.

531 1281 604 1360 M.
630 1277 866 1361 munnll
899 1279 1256 1362 CICERONIS

857 1497 911 1562 DE

391 1697 1377 1813 θ-ΒΑΤΟΒΕ

725 1962 863 2026 ulum
896 1961 1032 2028 TRES.

779 2167 988 2184 Ἦ

697 2397 848 2462 amula
874 2397 1074 2462 PRIMUS·

222 2611 247 2678 Ι.
283 2613 311 2678 1.
352 2587 522 2696 Cogitanti
550 2608 628 2676 mihi
654 2630 882 2695 saepenumero
911 2617 943 2677 et
967 2611 1120 2676 memoria
1146 2613 1254 2676 vetera
1285 2609 1439 2695 repetenti
1470 2627 1545 2693 pel·-

221 2700 308 2770 beati
330 2702 444 2782 luisse,
470 2703 586 2784 Quinte
608 2703 722 2782 irater,
745 2705 791 2771 illi
813 2705 915 2771 rideri
936 2707 1053 2780 solent,
1076 2703 1185 2792 quiin
1207 2704 1326 2790 optima
1347 2725 1382 2768 re
1403 2701 1541 2791 publica,

222 2819 294 2864 enm
316 2808 348 2866 et
367 2799 542 2865 honoribus
563 2807 722 2866 atrorum
744 2806 902 2884 gestarum
925 2801 1025 2885 gloria
1046 2798 1210 2875 florerent,
1233 2819 1305 2864 eum
1320 2802 1402 2866 sitae
1417 2817 1544 2864 cursum

219 2899 328 2959 tenere
350 2901 534 2980 potuerunt,
556 2899 592 2960 ut
611 2891 662 2960 vel
683 2895 716 2959 in
737 2893 867 2978 negotio
889 2893 957 2960 sino
979 2894 1122 2980 periente
1142 2891 1194 2959 vel
1215 2894 1248 2958 in
1270 2891 1336 2958 otio
1356 2914 1427 2959 eum
1442 2891 1544 2978 digni-
1613 2891 1617 2906 '

219 2993 283 3052 tate
305 3007 374 3053 esse
395 2995 534 3072 possent.
575 2990 620 3054 Ac
640 2987 715 3064 luit,
737 3009 809 3053 cnm
831 2987 908 3054 milri
930 3010 1056 3075 quoqne
1077 2988 1200 3056 initium
1214 2989 1435 3076 requiescendi
1448 2995 1567 3073 aeques

220 3083 358 3148 animum
381 3085 421 3148 ad
441 3087 602 3170 utriusque
624 3089 766 3148 nostmm
787 3086 948 3170 praeclara
969 3083 1071 3151 studia
1092 3082 1251 3150 referendi
1278 3084 1349 3149 lore
1373 3084 1490 3148 iustum
1512 3088 1545 3147 et

219 3193 320 3262 prope
343 3177 383 3242 ab
406 3175 551 3244 omnihus
577 3197 761 3243 eoncessum
788 3177 978 3257 arbitrarer,
998 3180 1040 3260 (si
1067 3177 1207 3245 infinitus
1235 3176 1411 3244 forensium
1436 3195 1544 3246 rerum

219 3268 312 3336 labor
338 3279 372 3337 et
398 3273 578 3337 ambitionis
608 3269 794 3366 occupatio}
808 3276 942 3340 decursu
971 3274 1149 3348 honorum,
1189 3273 1283 3339 etiam
1315 3270 1426 3338 aetatis
1457 3269 1545 3338 flexu

205 3364 432 3458 &consutis-set>
465 3370 497 3431 2.
522 3368 624 3445 Quam
647 3387 735 3453 spem
757 3368 983 3453 cogitationum
1005 3376 1038 3434 ot
1057 3365 1261 3433 consiliorum
1282 3387 1443 3460 meorum,
1472 3386 1545 3431 enm
1641 3365 1706 3448 .,1
1738 3398 1753 3456 ⁸.-

220 3453 566 3548 graros'eommunium
587 3468 784 3547 temporum,
807 3470 874 3529 tum
895 3463 976 3531 varii
997 3462 1096 3529 nostri
1112 3481 1203 3528 casus
1217 3451 1408 3529 fefellerunt
1451 3464 1582 3538 Numae

220 3558 274 3643 qui
295 3554 383 3622 loeus
405 3557 517 3645 quietis
539 3565 570 3622 ot
590 3557 823 3642 tranquillitatis
844 3557 1047 3642 plenissimus
1066 3556 1137 3623 lore
1159 3555 1344 3636 videbatur,
1367 3557 1401 3622 iu
1422 3577 1462 3622 eo
1479 3575 1545 3622 ma·

218 3651 323 3716 ximae
355 3653 456 3717 moles
488 3654 704 3718 molestiarum
736 3662 769 3719 et
800 3652 1084 3720 turbulentissimae
1120 3660 1320 3738 tempestates
1341 3653 1541 3743 exstiterunt.

219 3745 329 3831 Neque
357 3766 434 3814 vero
462 3749 555 3813 nobis
583 3746 780 3834 cupientibus
802 3755 896 3835 atque
918 3746 1140 3835 exoptantibus
1161 3744 1282 3812 fruetus
1304 3748 1361 3812 otii
1383 3749 1474 3812 datus
1496 3752 1545 3810 est

218 3835 259 3902 ad
280 3860 334 3904 eas
355 3848 456 3919 artes,
494 3838 608 3928 quibus
629 3862 648 3906 a
668 3843 776 3927 pueris
797 3841 895 3907 dediti
916 3839 1049 3918 luimus,
1086 3839 1288 3907 celebrandas
1315 3840 1398 3906 inter
1420 3858 1542 3926 nosque

218 3931 415 4002 recolendas.
460 3939 492 4004 3.
526 3939 605 4002 Nam
633 3939 735 4023 prima
764 3945 866 4002 aetate
891 3935 1057 4002 incidimus
1084 3935 1118 4002 iu
1144 3937 1244 4023 ipsam
1273 3933 1543 4020 perturbationem
1552 3960 1581 4004 1⁵

219 4026 400 4114 disciplinae
429 4031 561 4110 veteris;
597 4040 630 4098 et
657 4029 820 4098 consulatu
848 4029 1031 4098 devenimus
1052 4029 1086 4096 in
1108 4029 1249 4096 medium
1270 4051 1377 4097 rarum
1400 4030 1543 4094 omnium

219 4129 376 4187 certamen
404 4133 497 4211 atque
522 4127 707 4206 discrimem
743 4135 776 4192 et
795 4129 858 4192 hoe
879 4134 1002 4212 tempus
1024 4147 1118 4192 omne
1139 4133 1213 4210 post
1234 4125 1430 4191 comulatam
1453 4121 1543 4189 obie-

218 4215 319 4282 cimus
346 4219 386 4282 iis
415 4217 577 4299 fluetibus,
612 4220 667 4307 qui
692 4241 752 4308 per
779 4241 837 4286 nos
866 4241 884 4286 a
914 4219 1075 4286 communi
1103 4228 1193 4304 peste
1221 4217 1345 4306 depulsi
1364 4219 1399 4286 in
1419 4223 1545 4284 nosmet

217 4309 305 4396 ipsos
325 4309 548 4381 redundarent.
593 4317 656 4382 Sed
677 4323 782 4382 tamen
803 4317 837 4382 in
859 4318 905 4382 eis
925 4319 978 4383 vel
999 4314 1221 4403 asperitatibus
1242 4335 1352 4380 rerum
1373 4313 1424 4380 vel
1446 4333 1545 4397 angu-

218 4405 286 4469 stiis
307 4409 458 4492 temporis
479 4411 637 4494 obsequar
657 4403 1167 4495 studiisnostrisst,(quant11m
1195 4409 1273 4475 mihi
1299 4408 1352 4475 vel
1377 4410 1464 4474 iraus
1485 4403 1582 4476 ini-so

218 4499 374 4566 micorum
394 4503 447 4567 vol
468 4523 580 4569 causae
603 4505 777 4571 amicorum
798 4506 850 4572 vel
870 4523 922 4570 res
944 4503 1070 4591 publica
1091 4507 1209 4600 tribpet
1230 4497 1310 4606 otii)
1338 4501 1379 4570 ad
1405 4503 1546 4570 seriben-
1653 4552 1719 4607 [...,

286 4699 315 4752 t.
333 4703 389 4753 stas
404 4701 522 4765 saeuo
540 4703 582 4754 ost
597 4704 629 4754 tn
646 4704 701 4756 otto
712 4716 765 4755 om·
777 4702 808 4753 Β.
824 4725 853 4740 -
873 4703 899 4755 5·
912 4700 948 4754 de
965 4701 1033 4768 (stt,
1051 4717 1111 4755 eom
1122 4703 1279 4756 mtttl’atat.
1299 4705 1343 4756 102
1363 4701 1399 4754 sle
1410 4701 1463 4766 [att
1473 4700 1546 4769 qaod

219 4763 257 4834 (la
275 4775 333 4823 est:
360 4771 448 4837 onom)
465 4775 529 4824 mos
546 4774 586 4835 Β,
616 4773 654 4825 Ae
670 4789 743 4826 nasse
761 4773 866 4838 caman
881 4774 947 4824 mitt
963 4775 1006 4834 Β,
1025 4775 1063 4826 Ao
1079 4776 1131 4839 {ct
1148 4775 1272 4840 oswen,
1299 4787 1360 4826 cum
1376 4775 1441 4825 mos
1458 4774 1491 4826 Β.
1511 4796 1544 4810 -
1671 4778 1672 4781 ’

218 4838 246 4892 ’1.
265 4839 497 4894 totoresramll.
527 4869 556 4883 ·-
585 4849 609 4894 st
626 4847 723 4897 matis
745 4844 821 4896 Voss.
849 4845 923 4909 prou.
942 4844 1035 4896 Balio.
1073 4845 1129 4909 Epo
1147 4849 1223 4907 prius
1242 4845 1397 4899 edideram:
1429 4849 1455 4896 st
1477 4846 1543 4896 tam·

219 4909 272 4962 01.
291 4935 325 4950 -
343 4913 420 4980 pluas
438 4915 551 4967 Emsstll
571 4927 684 4979 operas,
703 4929 764 4968 nam
781 4916 852 4983 {teau
870 4913 998 4968 Gruterus
1015 4914 1094 4968 mss.
1132 4915 1177 4968 sle
1195 4924 1283 4969 tanen
1302 4916 1353 4969 tiu.
1372 4916 1400 4968 Β.
1420 4922 1448 4970 et
1465 4929 1505 4980 pr.
1523 4929 1545 4966 α

219 4981 304 5034 Oron-
323 4991 404 5048 atque
423 4998 454 5037 er
472 4985 493 5035 Β
512 4985 577 5036 alltl
595 4994 684 5040 eontra
703 4993 823 5040 notatum
842 4991 891 5039 est.
910 5010 943 5022 -
971 4986 1181 5051 saepissume
1199 4984 1253 5055 (aa)
1270 4989 1302 5041 Β.
1331 5011 1363 5026 -
1393 4987 1436 5039 11.
1462 4988 1545 5039 moles

220 5065 273 5103 orn.
291 5053 312 5104 Β
332 5067 390 5106 eum
410 5057 554 5121 plerlspae.
572 5057 666 5110 -18.
685 5061 720 5109 s'ts
740 5073 794 5110 om.
814 5059 854 5119 Β,
873 5058 1028 5121 absorptum
1047 5071 1061 5110 a
1080 5058 1137 5124 syll.
1155 5072 1224 5110 mss.
1245 5085 1276 5102 ·-
1300 5059 1345 5114 19.
1363 5057 1545 5114 remeares

218 5122 281 5179 BR:
300 5127 485 5182 redundarunt
503 5129 536 5180 Β.
556 5151 585 5168 ··
607 5129 643 5184 als
660 5129 724 5183 uus
744 5131 784 5184 tls
801 5129 834 5184 Β.
855 5151 885 5169 ··
905 5129 949 5183 11.
968 5141 1051 5185 cosso
1067 5128 1090 5182 Β
1108 5129 1173 5198 (nou
1191 5130 1236 5200 a).
