3720 5840
648 440 723 509 LIB.
745 441 799 507 lv.
842 441 875 508 C.
899 439 949 506 19.
973 438 1028 504 20.·
1051 437 1103 503 21.
1500 439 1542 506 63

212 609 339 688 potest,
364 599 420 688 qui
441 621 513 666 enas
534 601 671 666 rationes
694 622 805 666 omnes
825 601 859 664 in
882 620 987 666 casum
1009 598 1232 677 contulerunt,
1256 621 1322 665 non
1344 606 1416 665 sunt
1437 604 1543 666 onmia

214 693 439 766 committenda
459 694 627 774 fortunae,
665 717 707 762 ne
729 705 874 781 magnam
896 697 988 762 nimis
1009 698 1043 760 in
1065 717 1123 762 nos
1144 696 1260 761 habeat
1280 696 1540 762 dominationem.

213 799 252 860 ln
281 795 330 859 bis
359 788 459 856 tribus
488 790 656 876 generibus
685 793 726 856 ad
747 790 990 856 continuationis
1012 792 1075 856 vim
1097 792 1176 855 adeo
1199 789 1409 877 frequentatio
1432 810 1543 855 neces-

215 887 299 954 saria
321 893 390 962 est,
420 895 454 951 ut
474 883 598 950 infirma
619 884 749 950 facultas
772 884 906 950 oratoris
927 887 1089 962 videatur,
1122 884 1183 949 nisi
1205 883 1392 950 seutentiam
1414 893 1446 950 et
1468 905 1543 950 con-

214 982 347 1048 trarium
370 991 402 1048 et
424 982 658 1046 conclusionem
679 979 895 1066 frequentibus
917 978 1027 1044 efferat
1047 981 1165 1044 verbis.
1221 981 1283 1043 Sed
1310 980 1388 1044 alias
1416 1000 1565 1066 quoques

215 1097 442 1162 nonnunquam
463 1097 529 1139 non
550 1075 686 1148 alienum
708 1083 770 1150 est,
794 1075 919 1139 tametsi
940 1094 1069 1139 necesse
1092 1081 1218 1140 nonest
1234 1074 1342 1158 eloqui
1357 1095 1407 1140 res
1422 1075 1543 1160 aliquas

216 1193 275 1260 per
296 1169 514 1238 huiuscemodi
536 1169 799 1234 continuationes.

301 1269 372 1330 le
397 1265 533 1349 Compar
554 1262 750 1350 appellatur,
785 1268 869 1351 quod
898 1267 994 1332 babet
1019 1267 1053 1330 in
1074 1286 1109 1330 se
1130 1268 1273 1330 membra
1294 1263 1466 1341 orationis,
1504 1266 1544 1330 de

217 1365 332 1449 quibus
355 1367 425 1424 ante
448 1360 606 1435 diximus,
642 1378 723 1442 quae
752 1367 895 1424 constent
922 1383 962 1426 ex
987 1361 1056 1443 pari
1083 1363 1151 1426 fere
1177 1382 1310 1426 numero
1339 1359 1541 1445 syllabarum.

217 1459 288 1521 Hoc
309 1476 374 1520 non
396 1453 645 1520 dinumeratione
668 1462 775 1518 nostra
808 1451 862 1517 liet
898 1450 979 1535 (uam
1013 1457 1045 1518 id
1068 1457 1195 1541 quidem
1218 1456 1340 1537 puerile
1369 1455 1450 1540 est),
1488 1457 1544 1520 sed
1554 1477 1581 1518 m

218 1559 338 1615 tanbun
368 1547 478 1612 afferet
509 1569 584 1611 usus
616 1553 648 1610 ct
678 1549 862 1611 exercitatio
893 1548 1069 1624 facultatis,
1106 1561 1141 1615 ut
1168 1551 1264 1614 animi
1291 1553 1429 1634 quodam
1450 1570 1544 1616 sensu

218 1667 277 1729 par
297 1645 474 1710 membrum
496 1642 652 1727 superiori
675 1639 793 1706 referre
814 1645 994 1726 possimus,
1016 1644 1076 1710 hoc
1099 1647 1218 1711 modo:
1254 1647 1291 1709 ln
1311 1644 1436 1728 proelio
1460 1665 1545 1708 mor·

219 1749 283 1804 tem
303 1746 392 1826 pater
413 1737 597 1822 oppetebat;
622 1736 708 1798 domi
729 1733 811 1799 lilius
833 1738 957 1819 nuptias
974 1742 1193 1822 comparabat;
1216 1739 1416 1804 haecomnia
1435 1759 1546 1822 graves

219 1855 310 1900 casus
332 1830 604 1898 administrabant.
649 1831 747 1894 item:
786 1831 848 1894 Alii
870 1832 995 1898 fortuna
1017 1833 1197 1899 felicitatem
1220 1834 1327 1912 dcdit;
1359 1834 1434 1897 huic
1455 1834 1547 1898 indu·

219 1930 295 1994 stria
310 1931 458 1995 virtutem
480 1926 684 2007 comparavit.
729 1927 781 1989 28.
806 1926 842 1989 ln
864 1924 925 1991 boc
947 1949 1063 2011 genere
1086 1949 1179 2014 saepe
1200 1926 1269 1993 lieri
1291 1935 1409 2015 potest,
1433 1935 1468 1990 ut
1482 1947 1584 1993 nonas

219 2024 310 2107 plane
323 2043 381 2110 par
394 2040 545 2085 numerus
560 2018 600 2082 sit
616 2018 805 2103 syllabarum
822 2027 971 2084 ettamen
988 2045 1058 2089 esse
1072 2025 1237 2098 videatur,
1261 2024 1287 2086 si
1303 2043 1366 2086 una
1382 2029 1436 2086 aut
1454 2021 1548 2087 etiam
1651 2063 1654 2073 ·

220 2118 317 2184 altera
331 2119 451 2202 syllaba
465 2122 513 2180 est
526 2113 709 2179 alterutrum
723 2115 851 2179 brevius
865 2123 919 2180 aut
933 2119 972 2192 si,
995 2138 1066 2182 cum
1082 2119 1115 2180 in
1130 2119 1230 2182 altero
1243 2115 1349 2202 plures
1365 2124 1446 2192 sunt,
1458 2117 1492 2180 in
1505 2116 1550 2182 al·

220 2223 288 2279 tero
303 2214 429 2297 longior
443 2219 497 2275 aut
510 2211 693 2294 longiores,
716 2209 840 2292 plenior
856 2222 910 2274 aut
923 2210 1082 2296 pleniores
1104 2201 1241 2297 syllabae
1257 2220 1365 2288 eruut,
1389 2221 1424 2277 ut
1445 2213 1550 2296 longi·

220 2309 297 2374 tudo
324 2316 378 2372 aut
406 2305 566 2391 plenitudo
588 2308 701 2370 barum
723 2302 953 2370 multitudinem
975 2305 1100 2373 alterius
1122 2314 1306 2391 assequatur
1326 2315 1359 2370 et
1380 2314 1546 2392 exaequet.

305 2401 454 2468 Similiter
475 2402 589 2464 cadens
612 2399 777 2463 exornatio
799 2399 995 2482 appellatur,
1034 2423 1105 2466 cum
1127 2403 1160 2465 in
1182 2400 1293 2467 eadem
1316 2402 1588 2465 constructionem

220 2500 391 2564 verborum
423 2499 486 2560 duo
520 2503 574 2560 aut
605 2496 695 2580 plura
727 2500 799 2556 sunl
830 2495 948 2570 verba,
987 2515 1068 2581 quae
1102 2495 1242 2560 similiter
1275 2497 1388 2559 iisdem
1425 2494 1548 2560 casibus

222 2591 411 2666 efferuntur,
435 2591 498 2654 hoc
520 2591 633 2653 modo:
681 2589 848 2651 Hominem
871 2590 981 2654 laudas
1003 2597 1146 2674 egentem
1167 2589 1313 2665 virtutis,
1337 2591 1548 2654 abundantem

221 2685 389 2751 felicitatis.
435 2688 536 2749 ltem:
576 2685 672 2750 Cuius
701 2685 804 2748 omnis
829 2684 862 2748 in
890 2685 1024 2767 pecunia
1043 2704 1115 2766 spes
1137 2692 1203 2759 est,
1240 2679 1329 2766 [eius]
1355 2703 1373 2746 a
1396 2682 1550 2766 sapientia

222 2789 271 2844 est
291 2780 412 2845 animus
433 2786 583 2865 mmotus.
630 2776 798 2861 Diligentia
820 2787 981 2862 comparat
1003 2779 1145 2855 divitias,
1169 2777 1362 2862 negligentia
1376 2776 1551 2863 corrumpit

222 2873 382 2952 animum3
414 2883 594 2949 ettamen,
630 2894 700 2938 cum
723 2873 766 2936 ita
787 2871 885 2949 vivit,
920 2875 1078 2938 neminem
1105 2893 1181 2956 prae
1209 2895 1242 2938 se
1269 2875 1354 2938 ducit
1375 2871 1587 2948 homiuemss

223 2971 373 3033 Similiter
394 2972 541 3034 desinens
562 2975 624 3044 est,
648 2989 742 3040 cum,
766 2965 888 3030 tametsi
910 2987 999 3033 casus
1021 2987 1085 3032 non
1107 2967 1214 3033 insunt
1234 2967 1267 3034 iu
1289 2969 1412 3044 verbis,
1444 2977 1550 3032 tanmn

222 3063 339 3129 similes
361 3067 463 3130 exitus
485 3071 577 3138 sunt,
607 3061 667 3127 hoc
689 3068 799 3146 pacto:
832 3061 980 3146 Turpiter
1001 3064 1099 3127 audes
1119 3060 1242 3140 lacere,
1278 3065 1422 3149 nequiter
1444 3065 1551 3127 studes

223 3160 340 3224 dicere.
391 3160 478 3226 Vivis
510 3158 687 3233 invidiose,
726 3154 882 3242 delinquis
915 3159 1075 3234 studiose,
1113 3157 1252 3244 loqueris
1279 3159 1402 3224 odiose.
1447 3160 1548 3223 ltem:

222 3254 378 3319 Audacter
399 3254 542 3328 territas,
565 3251 725 3317 humiliter
746 3251 863 3336 placas.
908 3251 993 3317 llaec
1016 3254 1079 3317 duo
1104 3273 1242 3337 genera,
1267 3272 1402 3339 quorum
1418 3253 1551 3319 alterum

223 3348 256 3412 in
288 3349 393 3424 exitu,
440 3349 573 3412 alterum
607 3347 640 3410 in
670 3366 743 3410 casu
776 3347 920 3411 similiter
963 3355 1128 3424 versatur,
1164 3350 1246 3413 inter
1283 3371 1317 3413 se
1347 3347 1589 3414 veliementerm

224 3435 436 3519 conveniunt3
468 3448 501 3506 et
521 3462 559 3506 ee
581 3461 634 3517 re,
668 3440 717 3506 bis
739 3441 793 3527 qui
816 3442 898 3506 bene
920 3450 1070 3519 utuntur,
1097 3445 1285 3531 plerumque
1311 3441 1404 3509 simul
1427 3463 1465 3506 ea
1486 3443 1553 3506 col·

224 3537 330 3602 locant
349 3539 382 3601 in
402 3535 514 3602 iisdem
536 3538 678 3619 partibus
699 3534 863 3600 orationis.
908 3538 944 3600 ld
959 3539 1020 3601 boc
1045 3540 1140 3603 modo
1162 3536 1266 3604 facere
1293 3544 1443 3622 oportet:
1473 3537 1548 3601 Per-

225 3628 377 3696 ditiseima
396 3630 476 3695 ratio
507 3638 555 3695 est
583 3650 723 3696 amorem
749 3637 876 3716 petere,
912 3631 1067 3718 pudorem
1090 3633 1218 3717 fugere,
1242 3631 1374 3718 diligere
1404 3631 1561 3708 formam,

225 3726 386 3809 negligere
406 3722 533 3791 famam.
577 3727 637 3788 llic
659 3733 691 3790 et
713 3745 751 3789 ea
771 3728 890 3799 verba,
913 3749 994 3811 quae
1010 3747 1099 3792 casus
1114 3731 1251 3806 babent,
1275 3731 1315 3794 ad
1330 3747 1420 3794 casus
1434 3726 1552 3792 similes

226 3817 353 3894 stilla,
379 3839 459 3905 quae
478 3839 544 3884 nou
565 3822 703 3894 habent,
727 3820 766 3883 ad
787 3819 906 3885 similes
928 3825 1030 3887 exitus
1052 3824 1191 3889 veniunt.
1561 3838 1589 3882 es

309 3925 395 3987 xxi.
429 3927 480 3989 29.
518 3922 738 3989 donominatio
766 3933 826 3999 est,
860 3945 932 3991 cum
954 3923 994 3992 ad
1014 3925 1099 3992 idem
1120 3925 1252 3994 verbum
1274 3936 1307 3994 et
1327 3925 1367 3994 ad
1388 3925 1472 3994 idem
1495 3945 1553 3992 no-

226 4037 298 4084 men
330 4015 487 4084 acceditur
518 4019 760 4084 commutatione
791 4018 884 4085 unius
914 4019 1037 4086 litterae
1059 4030 1113 4088 aut
1133 4021 1332 4101 litteramm,
1363 4030 1417 4088 ant
1438 4019 1477 4086 ad
1499 4041 1551 4086 res

227 4109 391 4178 dissimiles
412 4111 526 4178 similia
545 4111 644 4180 rerba
665 4119 951 4182 accommodantur.
1003 4120 1049 4184 Ea
1077 4117 1182 4184 multis
1209 4128 1241 4185 et
1260 4117 1356 4184 variis
1377 4113 1553 4184 rationibus

297 4343 322 4392 1.
341 4342 488 4393 tutulemat
505 4341 582 4392 PBT.
602 4367 634 4380 -
653 4342 679 4393 3.
698 4345 848 4396 necessaria
865 4351 903 4394 eet
920 4344 1025 4396 Pana:
1045 4352 1083 4398 eet
1100 4348 1250 4398 necessaria
1279 4347 1358 4397 nate.
1384 4370 1418 4382 -
1447 4346 1474 4397 5.
1494 4347 1554 4414 offe·

227 4419 272 4463 rat
289 4412 415 4472 ΡΑΒΡΤ,
436 4415 532 4481 afferat
549 4415 582 4465 ll.
603 4439 632 4450 -
655 4415 698 4464 sed
716 4417 785 4466 altae
804 4416 930 4465 ratur:
950 4424 975 4467 et
987 4418 1056 4468 aliae
1074 4418 1113 4477 B,
1132 4419 1178 4470 sed
1195 4426 1220 4468 et
1239 4417 1308 4469 uliae
1324 4419 1353 4468 a.
1368 4443 1400 4456 -
1418 4416 1446 4466 7.
1466 4419 1554 4468 huiua-

227 4483 300 4535 modi
318 4481 401 4542 PBT,
421 4483 451 4533 L.
472 4510 504 4523 ·-
535 4488 578 4536 13.
596 4483 684 4550 pater]
702 4499 800 4548 pereae
819 4486 840 4535 'f
860 4495 887 4538 et
906 4501 946 4550 pr.
966 4489 995 4539 P.
1017 4513 1045 4524 —
1067 4488 1110 4538 ta.
1130 4491 1176 4540 llli
1194 4489 1231 4548 B,
1251 4488 1281 4538 1..
1302 4513 1334 4526 -
1353 4489 1465 4554 fortuma
1482 4489 1555 4539 dedit

226 4555 378 4621 felicitatem
397 4554 497 4614 Pffl‘,
517 4554 668 4618 felicitatem
685 4557 796 4619 fortuma
813 4557 885 4608 dedit
904 4558 959 4608 llll.
993 4556 1054 4619 (Pro
1072 4558 1223 4621 felicitatem
1241 4573 1301 4611 eum
1319 4561 1386 4612 Cod.
1405 4559 1476 4609 Pttb.
1490 4559 1553 4610 Seb.

227 4623 406 4691 facilitatem.)
427 4649 455 4660 —
476 4624 712 4677 imitamentum
732 4627 880 4678 inurar:
901 4632 935 4680 eit
952 4642 1078 4681 nummus
1097 4631 1174 4680 11.-
1194 4632 1238 4682 17.
1258 4633 1371 4682 adetum
1389 4629 1471 4689 ΡΑΒ,
1492 4631 1555 4680 alte·

227 4699 273 4747 ria
290 4693 349 4760 (etc)
369 4697 397 4746 Ρ.
434 4694 469 4746 Ut
486 4709 549 4757 noe,
569 4698 624 4748 aa.
645 4723 677 4734 -
695 4696 740 4745 22.
759 4696 903 4761 efficiemur
920 4698 1027 4749 ABFT:
1047 4698 1190 4763 efferamur
1207 4703 1285 4753 ana.
1306 4729 1339 4740 -
1367 4701 1471 4754 laudem
1488 4699 1509 4751 Ρ
1528 4707 1556 4752 et

230 4779 269 4828 pr.
282 4770 315 4817 u.
352 4767 412 4819 Non
430 4767 513 4827 mete,
540 4771 562 4820 st
588 4781 635 4831 per
659 4769 893 4830 tutereogettonem
918 4771 1051 4820 ederetur.
1079 4770 1129 4822 On.
1160 4797 1190 4810 -
1222 4775 1266 4824 23.
1288 4774 1343 4822 eim
1362 4786 1414 4824 oen.
1431 4771 1555 4838 ΡΑΡΒΤ.

228 4838 282 4890 tice
299 4839 467 4890 seclusimus.
496 4862 528 4874 -
558 4837 600 4889 30.
620 4840 693 4890 eaitu
711 4837 866 4889 subruas
886 4843 971 4890 eciem
990 4841 1021 4890 E·
1042 4865 1074 4878 -·
1102 4845 1132 4893 im
1149 4857 1212 4894 caere
1228 4844 1350 4894 similiter
1372 4843 1505 4894 aaran:
1525 4843 1556 4892 iu

229 4922 306 4959 cotue
323 4908 497 4960 similitudine
515 4907 574 4959 liet
592 4909 652 4960 tort.
672 4909 703 4958 B.
720 4934 748 4946 -
769 4907 811 4958 31.
832 4912 877 4973 qut
894 4910 933 4960 ite
945 4910 1050 4972 aaut,
1069 4915 1115 4975 qm
1131 4916 1173 4964 uie
1192 4927 1231 4976 pr.
1245 4915 1275 4966 P.
1296 4915 1347 4978 (aie
1360 4915 1412 4967 det.
1428 4927 1496 4965 corr.
1511 4911 1554 4976 P.)

229 4980 264 5031 Ut
282 4993 345 5038 noa,
365 4981 388 5030 Α
407 4985 434 5032 et
452 4978 529 5028 Voss.
548 4978 571 5028 1.
593 5005 622 5017 -
642 4978 687 5030 ³2.
705 4978 783 5030 moda
802 4979 936 5031 ruerat
955 4981 1069 5044 altique:
1086 4991 1166 5047 paeto
1185 4985 1216 5036 lt.
1236 5011 1269 5024 ·-
1287 4985 1331 5037 ³6.
1352 4987 1388 5038 acl
1405 4987 1473 5036 idem
1494 4991 1555 5034 ente

230 5065 256 5104 v.
271 5063 366 5102 nomeu
384 5065 436 5102 om.
454 5049 552 5102 Para.
581 5074 612 5086 -
643 5047 687 5101 37.
707 5053 912 5104 commutatione
928 5052 969 5104 oet
986 5054 1065 5104 onim
1083 5067 1124 5118 pr.
1145 5055 1181 5114 Ρ,
1200 5059 1402 5110 commutatione
1422 5056 1463 5108 cel
1480 5055 1555 5106 eddi·

229 5123 300 5176 ttom
317 5124 396 5174 auius
414 5121 436 5174 T
455 5128 482 5176 et
499 5134 566 5174 corr.
587 5119 679 5174 eedem
698 5135 734 5174 m.
745 5123 777 5174 Ρ.
