3714 5844
746 407 822 472 LIB.
844 408 869 474 l.
912 408 946 476 C.
968 409 1018 474 ts.
1041 409 1092 476 56.
1524 407 1585 472 tit

258 575 309 642 ut,
345 567 372 633 si
403 562 443 633 ad
470 586 606 652 equum,
643 565 789 641 domum,
825 574 946 632 vestem
977 587 1157 634 sermonem
1185 562 1318 632 alicuius
1345 568 1583 645 accommodes,

259 664 374 748 quibus
394 662 517 726 animus
539 679 668 735 corum,
703 661 757 747 qui
785 659 917 726 audiunt
937 669 969 728 et
989 665 1125 748 aliquem
1148 660 1345 736 dilexerunt,
1380 661 1585 726 vehementer

259 761 488 820 commoretur.
530 751 695 831 Decimus,
730 773 787 839 per
809 774 902 841 quem
925 755 1050 844 inopia,
1084 755 1264 832 infirmitas,
1294 754 1431 820 solitudo
1454 757 1586 820 demon·

259 859 387 942 stratur.
432 849 635 924 Undecimus,
657 869 716 933 per
736 871 829 935 quem
851 857 905 914 ant
925 849 1099 917 liberorum
1122 859 1175 917 aut
1196 858 1362 934 parentum
1384 857 1437 914 aut
1450 849 1500 914 sui
1515 868 1585 915 cor·
1645 855 1706 935 ἠὲ,

258 944 346 1032 poris
367 943 541 1031 sepeliendi
562 952 615 1008 aut
635 942 766 1009 alieuius
789 943 944 1009 eiusmodi
966 943 1013 1009 rei
1027 943 1259 1011 commendatio
1273 941 1318 1008 fit.
1362 943 1607 1019 Duodecimum

258 1059 432 1126 perquem
454 1036 620 1104 disiunctio
644 1039 828 1124 deploratur
849 1040 887 1103 ab
910 1037 1035 1124 aliquo,
1059 1061 1130 1104 cum
1153 1037 1310 1104 diducaris
1323 1039 1363 1104 ab
1379 1057 1433 1112 eo,
1457 1035 1585 1122 quicum

258 1132 464 1200 libentissime
485 1131 624 1208 vixeris,
647 1138 722 1197 uta
744 1140 890 1218 parente,
913 1131 998 1209 lilio,
1020 1132 1137 1211 fratre,
1160 1131 1319 1199 familiari.
1364 1130 1487 1197 Tertius
1502 1129 1587 1196 deci-

259 1247 343 1302 mus,
376 1248 549 1313 perquem
572 1246 643 1291 cum
664 1225 879 1311 indignatione
901 1228 1142 1313 conquerimur,
1173 1229 1258 1313 quod
1281 1230 1320 1291 ab
1343 1225 1398 1302 iis,
1429 1226 1586 1312 aquibus

259 1321 388 1388 minime
410 1322 589 1396 conveniat,
612 1319 694 1387 male
718 1328 902 1396 tractemur,
924 1322 1127 1410 propinquis,
1155 1321 1282 1398 amicis,
1314 1320 1427 1408 quibus
1449 1321 1585 1406 benigna

258 1415 442 1494 fecerimus,
480 1437 559 1504 qnos
587 1415 748 1482 adiutores
770 1415 839 1482 iore
867 1415 1059 1499 putarimus,
1092 1426 1146 1482 aut
1167 1437 1184 1482 a
1207 1413 1321 1504 quibus
1342 1414 1505 1500 indignum
1528 1417 1623 1492 sit,1c

259 1519 295 1576 ut
315 1513 430 1588 servis,
452 1513 593 1589 libertis,
618 1511 800 1589 clientibus,
822 1510 1024 1599 supplicibus.
1066 1512 1147 1579 LVI.
1193 1513 1330 1590 Quartus
1352 1509 1508 1584 decimus,
1531 1508 1586 1594 qui

259 1625 319 1689 per
347 1607 598 1673 obsecrationem
632 1607 782 1684 sumitnr;
819 1609 852 1671 in
882 1626 945 1693 quo
973 1611 1103 1677 orantur
1130 1607 1226 1672 modo
1256 1604 1321 1681 illi,
1359 1602 1583 1691 quitabunt,

259 1700 372 1766 humili
393 1708 425 1766 et
439 1700 571 1788 supplici
586 1701 747 1776 oratione,
769 1707 806 1765 ut
819 1699 1038 1767 misereantur.
1084 1701 1220 1779 Quintus
1234 1701 1393 1776 decimus,
1417 1719 1476 1784 per
1491 1717 1585 1784 quem

244 1815 323 1862 ,non
344 1805 482 1872 nostras,
506 1798 562 1861 sed
585 1815 714 1873 eorum,
738 1793 791 1883 qui
814 1796 878 1860 cari
900 1792 993 1860 nobis
1016 1797 1132 1862 debent
1152 1815 1236 1869 esse,
1268 1791 1409 1860 fortunas
1432 1790 1586 1879 conqueri

258 1911 318 1956 nos
339 1895 601 1957 demonstramus.
644 1892 760 1956 Sextus
781 1887 939 1966 decimus,
962 1911 1022 1974 per
1041 1909 1134 1978 quem
1150 1887 1287 1954 animum
1302 1898 1444 1953 nostrum
1458 1888 1491 1952 in
1506 1885 1622 1953 aliosne

258 1983 494 2052 misericordem
523 2006 592 2052 esse
620 1983 813 2051 ostendimus
839 1991 872 2049 et
891 1991 996 2050 tanmn
1018 1983 1156 2071 amplum
1178 1991 1210 2048 et
1231 1984 1390 2048 excelsum
1413 1989 1445 2046 et
1466 1980 1587 2068 patien-

259 2092 322 2149 tem
344 2077 618 2146 incommodorum
641 2099 711 2146 esse
734 2085 765 2143 et
784 2076 926 2145 futurum
949 2099 1035 2156 esse,
1059 2079 1087 2144 si
1108 2079 1183 2166 quid
1199 2077 1366 2154 acciderit,
1391 2074 1586 2143 demonstra·

258 2193 340 2238 mus.
384 2177 462 2238 Nam
485 2195 580 2258 saepe
601 2174 701 2240 virtus
723 2177 755 2237 et
775 2170 1021 2258 magnificentia,
1056 2175 1089 2238 in
1117 2192 1182 2259 quo
1204 2172 1340 2258 gravitas
1362 2178 1394 2237 at
1415 2169 1585 2236 auctoritas

259 2277 323 2362 est,
360 2270 433 2354 plus
461 2267 588 2353 prolicit
620 2271 659 2333 ad
686 2265 936 2333 misericordiam
962 2266 1222 2335 commovendam
1252 2287 1345 2354 quam
1373 2263 1532 2333 humilitas
1554 2270 1586 2329 at
1730 2262 1779 2326 »A«

257 2365 447 2430 obsecratio.
492 2365 665 2430 Commotis
695 2373 800 2429 autem
829 2362 959 2442 animis,
998 2361 1115 2428 diutius
1144 2365 1176 2428 in
1209 2362 1436 2446 conquestione
1466 2356 1624 2428 morariaa

257 2477 323 2522 nnn
345 2460 517 2542 oportebit.
562 2460 835 2536 Quemadmodum
858 2458 941 2521 enim
969 2454 1052 2522 dixit
1079 2459 1189 2523 rhetor
1216 2457 1418 2544 Apollonius,
1456 2453 1585 2521 lacrima

258 2551 336 2618 nibil
357 2551 448 2619 eitius
469 2553 594 2620 arescit.
640 2550 703 2617 Sed
724 2553 873 2638 quoniam
894 2558 926 2615 et
946 2549 1022 2616 satis
1044 2551 1190 2618 videmur
1211 2556 1250 2617 de
1275 2553 1422 2617 omnibns
1442 2549 1583 2637 partibus

260 2645 411 2713 orationis
433 2648 548 2714 dixisse
571 2656 603 2714 et
623 2647 717 2714 huius
738 2643 909 2711 voluminis
931 2644 1113 2728 magnitudo
1140 2645 1267 2732 longius
1293 2646 1467 2733 processit,
1503 2661 1585 2729 quaa

260 2750 434 2829 sequnntur
454 2742 621 2832 deinceps,
648 2743 681 2810 in
703 2745 841 2809 secundo
862 2739 947 2806 libro
970 2741 1120 2806 dicemus.

327 2934 354 2985 t.
374 2934 546 3000 bmtqnaPT
566 2941 593 2987 et
610 2946 679 2986 corr.
698 2934 741 2984 A:
770 2933 950 2985 baselicam
967 2932 992 2983 lt
1010 2939 1037 2985 et
1055 2945 1094 2994 pr.
1115 2932 1148 2984 Α.
1176 2957 1207 2971 -
1238 2935 1273 2984 lo
1299 2933 1454 2998 patartmcs
1471 2931 1511 2982 P:
1536 2943 1586 2994 pu·

201 3031 206 3050 ,
259 3009 375 3058 turonus
392 3005 457 3068 ΔΤ,
486 3007 667 3071 putaverimus
691 3005 748 3056 ΒΕ.
778 3027 810 3041 -
840 3000 887 3068 sit]
915 3010 953 3053 an
971 3003 1072 3054 PART.
1104 3027 1133 3042 -
1164 3005 1209 3055 lb.
1228 3004 1323 3055 Sextus
1340 3004 1456 3054 &umus
1472 2999 1583 3052 naurs

258 3077 478 3201 sgappquppmlqa
496 3084 535 3130 ast
552 3078 581 3130 ll.
610 3103 642 3116 -
673 3076 718 3128 22.
736 3075 821 3138 sutis,
839 3080 870 3124 ut
887 3074 1025 3139 videmur,
1044 3098 1055 3111 ·
1071 3099 1082 3113 ·
1100 3075 1217 3129 animm
1242 3075 1321 3128 ΡΑΤ.
1341 3075 1436 3130 Graan.
1475 3071 1509 3126 ut
1526 3085 1584 3136 aaa,
