3742 5852
303 405 365 472 318
889 411 1040 476 eltutus

216 645 217 652 q
303 571 373 635 ciac
392 572 447 635 sed
470 569 633 657 proprium
653 567 856 638 Athenarum.
901 573 954 637 51).
979 568 1058 649 Quis
1072 571 1156 637 enim
1171 576 1225 636 aut
1238 571 1390 655 Argivum
1404 578 1564 638 oratorem
1576 575 1630 638 1111

187 666 193 674 “
304 663 500 730 Corinthium
523 674 576 730 ant
597 662 779 730 Thebanum
801 664 859 731 scit
880 664 976 731 luisse
996 664 1191 751 temporibus
1212 664 1297 732 111111
1320 663 1379 730 1111
1401 662 1477 749 quid
1494 663 1631 752 11111111-

302 756 464 831 minonda,
487 760 582 824 docto
603 759 746 838 hemina,
769 759 920 846 suspicari
942 759 1028 826 libet.
1070 758 1355 827 Lacedaemonium
1377 781 1453 824 vero
1475 780 1575 847 usque
1589 762 1630 825 ad

302 849 365 918 boe
396 860 519 938 tempus
546 853 651 919 audivi
682 852 779 920 luisse
809 855 979 921 neminem.
1025 855 1199 922 Menelaum
1228 858 1347 938 ipsum,
1384 852 1508 920 dulcem
1541 854 1628 920 illum

282 946 431 1032 squidem
455 949 550 1013 tradit
570 950 744 1026 Homerus,
777 951 833 1015 sed
863 970 961 1036 pauca
984 948 1151 1016 dicentem.
1197 951 1343 1015 Brevitas
1364 957 1471 1015 antem
1494 948 1560 1015 laus
1582 957 1631 1014 est

302 1043 460 1109 interdum
490 1045 522 1108 in
550 1041 656 1128 aliqua
680 1051 770 1128 parte
799 1043 943 1120 dicendi,
980 1047 1015 1111 in
1042 1044 1190 1112 universa
1213 1044 1394 1130 eloquentia
1415 1046 1542 1110 laudem
1564 1065 1629 1110 nen

303 1139 410 1202 habet.
455 1140 508 1202 51.
543 1140 584 1202 At
605 1158 682 1205 vero
705 1148 795 1205 extra
817 1140 979 1206 Graeciam
1002 1161 1114 1225 magna
1144 1139 1269 1206 dicendi
1291 1138 1395 1206 studia
1416 1135 1545 1204 luerunt
1565 1159 1631 1204 ma-

304 1231 444 1317 ximique
466 1231 539 1298 bnic
560 1232 644 1298 laudi
667 1232 764 1299 habiti
787 1233 926 1300 bonores
948 1234 1070 1301 illustre
1092 1245 1254 1301 oratorum
1276 1254 1392 1301 nomen
1413 1232 1630 1300 reddiderunt

304 1329 401 1402 Nam,
423 1335 459 1392 ut
480 1328 578 1394 semel
600 1349 618 1392 e
639 1331 771 1395 Piraeeo
792 1329 974 1415 eloquentia
995 1338 1105 1395 evecta
1125 1338 1189 1406 est,
1213 1351 1321 1396 omnes
1344 1328 1525 1414 peragravit
1545 1333 1629 1394 insu-

265 1415 350 1485 11111
371 1431 465 1508 atque
487 1425 531 1486 ita
552 1426 749 1509 peregrinata
772 1433 837 1487 tota
860 1427 931 1489 Asia
954 1433 1019 1498 est,
1041 1434 1078 1489 nt
1099 1447 1133 1490 se
1156 1427 1296 1490 externis
1316 1427 1474 1514 oblineret
1486 1424 1629 1489 moribus

304 1534 493 1603 omnemque
514 1517 598 1582 illam
620 1517 834 1583 salubritatem
856 1518 980 1584 Atticae
1002 1521 1148 1584 dictionis
1170 1528 1202 1584 et
1221 1521 1311 1604 quasi
1332 1521 1496 1584 sanitatem
1518 1521 1631 1604 perde-

304 1617 357 1674 ret
377 1629 413 1674 ac
434 1608 522 1695 loqui
543 1632 643 1698 paene
666 1612 853 1679 dedisceret.
899 1615 980 1678 Hinc
1002 1616 1128 1680 Asiatici
1152 1623 1297 1680 oratores
1318 1635 1381 1680 nen
1408 1613 1629 1678 contemnendi

306 1701 435 1788 quidem
455 1725 514 1770 nec
536 1707 696 1773 celeritate
718 1729 775 1773 nec
797 1708 908 1794 eopia,
932 1706 1630 1795 11111111111111111111111111111111111111

306 1796 420 1863 Rhodii
443 1799 583 1867 saniores
606 1812 636 1868 et
658 1803 834 1870 Atticorum
857 1803 1034 1870 similiores.
1081 1808 1133 1870 52.
1161 1806 1223 1869 Sed
1246 1807 1286 1871 de
1310 1805 1438 1871 Graecis
1460 1801 1627 1879 baetenus3

267 1892 424 1958 “etenim
447 1897 526 1961 baec
547 1896 613 1983 ipsa
634 1897 905 1965 forsitanluerint
926 1919 989 1965 non
1011 1901 1200 1966 necessaria.

392 1993 473 2055 Tum
493 1994 626 2068 Brutus,
649 1996 710 2059 Ista
732 2014 827 2067 vere,
850 1994 970 2079 iuquit,
993 2013 1086 2080 quam
1110 1996 1285 2059 necessaria
1306 1991 1439 2069 inerint,
1461 2011 1526 2057 non
1540 1988 1630 2056 laeile

307 2080 462 2149 dixerim:
487 2087 622 2152 iucunda
644 2095 729 2154 certe
751 2089 827 2153 mibi
849 2087 976 2153 luerunt
997 2110 1100 2176 neque
1121 2087 1224 2154 solum
1246 2108 1309 2154 non
1331 2091 1443 2171 longa,
1465 2085 1630 2151 sedetiam

307 2177 457 2244 breviora
478 2200 572 2268 quam
592 2181 718 2248 vellem.
764 2185 906 2271 Optime,
929 2186 1078 2270 inquam3
1102 2187 1156 2249 sed
1179 2183 1343 2248 veniamus
1364 2185 1404 2248 ad
1425 2190 1567 2255 nostros,
1590 2179 1630 2245 de

308 2274 422 2356 quibus
444 2271 572 2340 difficile
595 2283 643 2341 est
665 2280 733 2363 plus
760 2277 952 2363 intelligere,
986 2298 1080 2364 quam
1108 2287 1259 2365 qnantum
1281 2299 1321 2343 ex
1343 2276 1555 2342 monumentis
1577 2295 1631 2340 su·

268 2381 297 2424 20
307 2367 422 2451 spicari
436 2369 519 2434 licet.
563 2374 648 2436 XIV.
672 2375 725 2437 53.
749 2374 828 2450 Quis
849 2375 930 2438 enim
953 2382 1041 2460 putet
1062 2381 1116 2438 aut
1137 2372 1327 2438 celeritatem
1349 2371 1466 2455 ingenii
1480 2374 1516 2435 L.
1533 2375 1630 2436 Bruto

301 2460 352 2526 -illi
373 2462 545 2529 nobilitatis
567 2475 690 2532 vestrae
711 2470 847 2552 principi
870 2467 1028 2534 defuisset
1062 2469 1115 2555 qui
1145 2470 1184 2533 de
1206 2476 1305 2533 matre
1328 2468 1475 2534 savianda
1497 2486 1537 2530 ex
1559 2483 1631 2528 ora-

307 2559 378 2621 culo
401 2559 554 2644 Apollinis
576 2569 638 2625 tam
661 2570 752 2626 acute
774 2570 948 2650 arguteque
971 2564 1163 2640 coniecerit3
1188 2564 1242 2647 qui
1264 2581 1415 2626 mammam
1430 2557 1630 2646 prudentiam

173 2730 178 2739 Ι
309 2651 508 2720 simulatione
532 2656 682 2721 stultitiae
705 2661 837 2735 texerit3
862 2661 916 2744 qui
937 2657 1188 2744 potentissimum
1210 2676 1336 2742 regem,
1361 2653 1525 2720 clarissimi
1548 2655 1631 2737 regis

157 2809 168 2842 ,⁸
307 2745 424 2825 lilium,
449 2751 605 2836 expulerit
626 2754 844 2836 civitatemque
863 2760 1020 2839 perpetuo
1036 2753 1197 2816 dominatu
1220 2753 1383 2816 liberatam
1398 2747 1630 2833 magistratibus

269 2835 437 2919 asarinus,
469 2844 593 2930 legibus
621 2846 809 2932 iudiciisque
832 2845 1023 2925 devinxerit;
1058 2849 1111 2934 qui
1141 2845 1281 2931 collegae
1305 2865 1362 2909 suo
1384 2844 1553 2927 imperinm
1576 2839 1631 2905 ab·

214 2991 225 3000 .
308 2936 481 3020 rogaverit,
505 2949 539 3004 ut
561 2963 579 3004 e
602 2941 726 3006 civitate
746 2943 863 3025 regalis
885 2941 1022 3006 neminis
1045 2939 1230 3005 memoriam
1260 2938 1401 3004 tolleret:
1435 2940 1520 3024 quod
1544 2943 1630 3001 certe

307 3028 390 3094 effici
410 3052 474 3097 non
496 3034 671 3116 potuisset,
704 3034 763 3101 nisi
786 3045 869 3100 esset
891 3037 1034 3100 oratione
1056 3055 1252 3118 persuasum.
1298 3035 1350 3098 51.
1384 3031 1533 3098 Videmus
1554 3033 1629 3096 item

305 3127 413 3211 paucis
440 3127 529 3192 annis
558 3139 630 3212 post
656 3151 748 3214 reges
775 3139 919 3207 exactos,
956 3128 1027 3195 edm
1056 3128 1166 3216 plebes
1196 3149 1297 3216 prope
1319 3130 1418 3214 ripam
1440 3126 1568 3190 Anienis
1590 3124 1630 3190 ad

305 3221 432 3285 tertium
454 3224 622 3289 miliarium
645 3227 839 3290 consedisset
860 3245 995 3310 eumque
1018 3233 1176 3300 montem,
1200 3225 1252 3311 qui
1269 3226 1362 3288 Sacer
1376 3221 1548 3309 appellatus
1568 3229 1627 3296 est,

268 3333 296 3375 1ο
307 3318 541 3400 occupavisset,
564 3323 605 3384 Μ.
628 3319 785 3385 Valerium
810 3322 994 3409 dictatorem
1018 3319 1153 3384 dicendo
1175 3317 1333 3384 sedavisse
1348 3315 1520 3382 discordias
1535 3317 1628 3402 eique

307 3404 348 3474 eb
371 3430 438 3476 eam
461 3433 529 3477 rem
550 3415 689 3479 bonores
711 3414 923 3497 amplissimos
944 3415 1070 3479 habitos
1092 3422 1124 3478 et
1145 3435 1217 3498 eum
1236 3413 1372 3496 primum
1388 3409 1430 3476 ob
1445 3431 1514 3477 eam
1529 3412 1628 3496 ipsam

306 3525 429 3571 causam
459 3508 631 3574 Maximum
659 3529 727 3574 esse
758 3509 962 3594 appellatum.
1014 3511 1061 3572 Ne
1089 3511 1125 3572 l..
1150 3509 1310 3574 Valerium
1340 3503 1469 3591 quidem
1491 3506 1629 3570 Potitum

305 3602 444 3665 arbitror
465 3622 529 3666 non
552 3605 670 3690 aliquid
692 3603 833 3687 potuisse
856 3603 1006 3679 dicendo,
1039 3604 1093 3689 qui
1122 3610 1195 3686 post
1216 3599 1456 3666 decemviralem
1478 3601 1628 3666 invidiam

306 3694 430 3777 plebem
452 3697 485 3760 in
507 3705 610 3782 patres
631 3700 791 3762 incitatam
813 3697 935 3784 legibus
957 3705 989 3763 et
1012 3696 1211 3762 contionibus
1232 3698 1297 3761 suis
1320 3696 1519 3780 mitigaverit.
1573 3697 1626 3758 55.

267 3807 294 3848 11
305 3791 475 3856 Possumus
506 3794 640 3877 Appium
672 3793 835 3858 Claudium
865 3793 1017 3879 suspicari
1046 3790 1213 3866 disertum,
1245 3793 1318 3879 quia
1341 3799 1481 3855 senatum
1503 3787 1629 3853 iamiam

301 3883 486 3950 inclinatum
510 3905 527 3949 a
550 3886 660 3974 Pyrrhi
682 3907 758 3973 pace
781 3889 995 3953 revocaverit:
1019 3907 1188 3970 pessumus
1211 3887 1245 3950 C.
1269 3884 1463 3957 Fabricium,
1494 3882 1567 3969 quia
1589 3883 1630 3947 sit

305 3982 343 4043 ad
366 3981 522 4068 Pyrrhum
545 3984 584 4044 de
606 3980 735 4066 captivis
757 3980 980 4067 recuperandis
1002 3982 1115 4046 missus
1145 3989 1271 4046 crater:
1307 3980 1353 4045 Ti.
1376 3977 1627 4052 Coruncanium,

304 4075 390 4159 quod
412 4093 452 4137 ex
473 4072 654 4159 pontificum
678 4075 910 4140 commentariis
931 4075 1025 4159 longe
1040 4075 1209 4160 plurimum
1231 4076 1358 4159 ingenio
1375 4072 1509 4139 valuisse
1523 4069 1631 4136 videa·

306 4173 372 4234 tur:
397 4171 447 4232 Μ’.
473 4170 617 4242 Curium,
640 4173 725 4254 quod
747 4171 775 4233 is
797 4168 941 4235 tribunus
962 4169 1025 4256 pl.,
1055 4170 1212 4254 interrege
1234 4170 1336 4256 Appio
1358 4169 1479 4241 Caeco,
1511 4165 1628 4231 diserto

167 4328 172 4350 ‚
264 4264 451 4348 mbomine,
488 4262 616 4328 comitia
644 4271 753 4328 centra
781 4263 867 4350 leges
895 4269 1050 4342 habente,
1084 4285 1155 4329 cnm
1184 4268 1224 4329 de
1250 4263 1343 4351 plebe
1374 4261 1536 4328 consulem
1564 4279 1627 4325 nen

304 4357 496 4443 accipiebat,
532 4366 637 4441 patres
659 4368 730 4423 ante
752 4368 897 4425 auctores
919 4358 988 4424 fieri
1010 4359 1168 4445 coegerim
1204 4358 1288 4444 quod
1318 4356 1379 4422 luit
1406 4375 1626 4440 permagnum,

303 4449 442 4516 nondum
466 4451 534 4535 lege
550 4451 672 4516 Maeuia
693 4451 766 4517 lata.
812 4456 863 4518 56.
889 4456 977 4518 Licet
999 4453 1116 4541 aliquid
1140 4452 1234 4518 etiam
1250 4454 1290 4516 de
1306 4455 1346 4516 Μ.
1361 4451 1488 4537 Popillii
1502 4451 1628 4532 ingenie

304 4545 472 4629 suspicari,
496 4547 566 4633 qui,
589 4566 660 4611 cum
683 4548 792 4611 consul
813 4555 897 4612 esset
912 4550 1087 4635 eodemque
1102 4555 1247 4634 tempere
1264 4544 1449 4611 sacrificium
1465 4545 1629 4628 publicum

373 4796 416 4844 11.
435 4796 514 4858 quast
529 4797 688 4846 suauitatem
707 4795 729 4845 n
747 4801 837 4846 eontra
857 4795 940 4846 codd.
961 4801 1046 4845 notos.
1069 4819 1100 4830 -
1130 4795 1173 4844 12.
1199 4808 1253 4844 aen
1270 4794 1450 4844 contemnendi
1467 4793 1509 4842 1111
1526 4795 1630 4858 quidun

303 4863 422 4914 Nortmb.
442 4865 535 4918 Lemb.
564 4889 594 4902 -
623 4867 666 4917 15.
692 4864 801 4926 suerunt
821 4866 869 4930 Lg.
890 4873 995 4928 praeter
1012 4865 1038 4916 8.
1059 4866 1103 4918 20.
1123 4864 1167 4914 115.
1187 4865 1231 4914 51.
1273 4864 1413 4916 Centunct.
1434 4863 1532 4916 babent
1551 4869 1629 4916 ettam

305 4934 374 4986 Vsu·
394 4937 419 4986 1.
441 4937 532 4988 011111.
558 4936 588 4986 lt.
620 4962 648 4973 -
680 4937 724 4986 21.
743 4938 875 4986 sectando
894 4949 953 4988 cum
973 4935 1058 4986 codd.
1078 4939 1148 4986 nette
1167 4943 1194 4987 et
1218 4936 1259 4986 111
1290 4935 1441 4986 sauciando
1461 4935 1492 4985 11.
1521 4957 1552 4971 -
1583 4936 1626 4985 ta.

304 5003 384 5068 [111111
403 5007 435 5056 11.
455 5007 523 5060 ten.
544 5007 570 5056 1.
591 5005 642 5058 Gn.
663 5009 689 5056 1.
703 5008 729 5057 a.
750 5007 844 5059 111111.
864 5006 898 5059 11.
919 5007 1010 5076 Lamo.
1031 5007 1119 5058 Peter.
1139 5031 1171 5044 ·-
1190 5006 1235 5056 12.
1255 5006 1343 5068 Popili
1362 5021 1392 5057 cr
1411 5012 1471 5056 octo
1490 5004 1575 5056 Godd.
1595 5006 1628 5056 T.

305 5077 358 5129 Sed
377 5076 476 5141 dupllcl
495 5078 505 5128 1
522 5077 645 5129 1111111111
663 5079 690 5126 11
710 5080 826 5142 11111111
844 5079 930 5130 Fastis
956 5077 1126 5140 capitolinis,
1154 5090 1178 5130 1.
1199 5088 1223 5129 1.
1242 5090 1267 5128 1.
1287 5089 1315 5129 ιι.
1335 5087 1358 5127 1.
1377 5075 1439 5127 4117.
