3746 5850
465 522 470 528 ·
568 477 622 542 Ab
644 477 685 542 M.
709 473 870 541 BRUTUM
892 474 926 541 G.
949 474 1003 540 43.
1027 471 1080 538 ti.
1103 473 1156 540 45.
1463 467 1524 538 433

205 660 276 707 rum
307 660 378 706 cum
406 636 642 724 insequentibus
669 636 779 722 primis
807 655 978 702 concursus
1005 639 1059 700 unt
1083 630 1203 698 hiulcas
1223 649 1318 698 55555
1340 628 1454 697 efficiat
1474 639 1528 700 aut
1600 689 1605 714 ,

204 755 343 822 asperas.
388 731 537 813 Quamvis
560 733 642 797 enim
666 751 777 796 suaves
799 751 950 816 granesve
969 726 1144 796 sententiae
1166 735 1288 803 155555,
1312 725 1338 794 51
1360 723 1527 792 inconditis

206 827 311 895 serbis
333 828 523 903 efferuntur,
546 825 831 904 ollendnntaures,
856 845 989 912 quarum
1012 832 1060 890 cst
1080 819 1230 888 indicium
1253 819 1525 905 superbissimum.

206 925 300 1002 Quod
322 921 450 1007 quidem
473 923 583 987 Latina
604 922 709 1005 lingua
731 922 776 985 sio
798 921 963 996 observat,
986 938 1079 984 nemo
1100 924 1221 984 uttam
1241 917 1377 982 rusticus
1392 919 1449 994 sii,
1473 917 1528 1003 qui

206 1018 333 1083 vocales
360 1019 439 1082 nolit
470 1019 673 1102 coniungere.
728 1018 799 1079 151.
835 1017 872 1079 15
903 1031 966 1100 quo
1001 1014 1128 1098 qnidam
1161 1012 1399 1098 Theopompum
1434 1015 1550 1078 etiams

206 1109 457 1196 reprehendunt,
480 1109 565 1197 qnod
588 1129 640 1174 ens
662 1108 781 1173 litteras
802 1116 889 1173 tanto
911 1127 1010 1195 opere
1031 1105 1163 1192 ingerit,
1195 1105 1253 1171 etsi
1274 1107 1356 1170 idem
1381 1107 1529 1192 magister

207 1205 275 1272 eius
296 1207 465 1270 Isocrates:
503 1211 537 1268 at
556 1225 620 1268 non
642 1201 857 1289 Thucydides,
891 1223 932 1268 ne
959 1202 1012 1269 ille
1041 1201 1167 1289 quidem
1195 1199 1279 1267 haud
1301 1201 1407 1288 paullo
1429 1197 1531 1265 maior
1660 1276 1665 1292 ι

206 1301 341 1385 scriptor
361 1295 528 1392 Plato(nec
549 1297 650 1362 solum
671 1299 704 1360 in
726 1298 765 1362 iis
786 1295 1003 1374 sermonibus,
1041 1296 1098 1382 qni
1118 1297 1269 1380 διάλογοι
1292 1295 1452 1398 dicuntur)
1475 1293 1530 1359 nbi
1613 1291 1677 1360 ti

207 1391 300 1458 etiam
324 1391 363 1458 de
385 1393 539 1461 industris
561 1391 593 1457 id
614 1391 792 1457 faciendum
812 1389 890 1467 fuit,
913 1394 968 1457 sed
990 1393 1023 1458 in
1041 1391 1186 1478 populari
1201 1389 1362 1467 oratione,
1385 1411 1448 1478 qua
1463 1408 1532 1454 mos

207 1495 255 1578 est
276 1489 405 1553 Athenis
427 1488 548 1552 laudari
569 1486 602 1550 in
625 1485 771 1551 contione
794 1506 862 1562 555,
887 1488 942 1572 qui
963 1485 1026 1551 sint
1047 1486 1080 1550 in
1101 1483 1232 1570 proeliis
1254 1483 1428 1561 interieoii;
1451 1503 1569 1572 quaem

207 1583 252 1647 sio
273 1585 404 1669 probata
427 1590 492 1657 est,
513 1590 551 1646 ut
569 1601 639 1646 cam
662 1584 848 1667 quotannis,
871 1591 906 1648 nt
928 1583 1002 1654 scis,
1029 1581 1086 1646 illo
1107 1583 1159 1646 die
1181 1581 1308 1646 nocituri
1329 1599 1456 1645 necesse
1478 1577 1530 1643 sii.

207 1679 242 1740 ln
266 1698 304 1741 ea
326 1683 373 1744 est
394 1678 506 1742 crebra
528 1675 586 1741 isio
607 1695 720 1742 vocum
743 1675 928 1752 concursio,
963 1695 1057 1760 qnam
1079 1693 1192 1760 magns
1213 1695 1253 1741 ex
1275 1682 1364 1762 parte
1386 1681 1421 1738 ui
1441 1674 1534 1739 ritio-

208 1790 274 1835 sam
295 1769 375 1856 fugit
395 1769 633 1837 Demosthenes.

192 1858 200 1882 ⁶
293 1867 389 1933 xiv.
413 1869 484 1932 152.
525 1864 587 1930 Sed
620 1868 730 1931 Graeci
762 1865 916 1933 uiderint:
953 1866 1046 1932 nobis
1079 1887 1119 1931 ne
1151 1865 1179 1930 si
1212 1863 1374 1951 cupiamus
1406 1860 1533 1948 quidem

209 1961 382 2026 distrahere
413 1981 507 2027 voces
538 1958 731 2026 conceditur.
776 1963 919 2027 lndioant
944 1960 1104 2027 orationes
1132 1960 1205 2026 illae
1232 1960 1323 2043 ipsae
1349 1955 1532 2024 horridulae
1540 1977 1569 2022 ss

211 2055 354 2132 Catonis,
389 2056 529 2122 indicent
550 2077 659 2122 omnes
681 2063 794 2141 potitae
816 2066 1039 2141 praeterens,
1068 2055 1137 2144 qni,
1165 2061 1201 2120 ut
1221 2073 1347 2120 versum
1365 2050 1532 2130 Iacerent,

209 2171 303 2238 saepe
325 2149 469 2217 hiabant:
492 2157 528 2216 ut
548 2153 684 2217 Naevius

382 2293 453 2368 Vos,
475 2293 527 2376 qui
547 2295 683 2358 accolitis
704 2294 844 2358 Histrum
861 2295 988 2376 {lucium
1007 2301 1095 2377 otpue
1115 2293 1248 2376 uipidom
1268 2327 1310 2342 -

209 2437 248 2502 Et
268 2433 387 2501 ibidem
493 2423 495 2429 '

382 2576 481 2656 Quom
500 2595 653 2660 nunquam
672 2576 754 2640 vobis
777 2575 855 2643 Grci
875 2587 962 2662 cipite
982 2577 1116 2642 Barbari
1135 2609 1177 2626 -

213 2721 251 2784 m
273 2719 390 2786 Ennius
411 2715 509 2816 semel

379 2861 481 2944 Scipio
500 2861 608 2926 1551515
627 2895 670 2909 -

211 3002 250 3068 Ei
271 2999 398 3090 quidem
419 3021 478 3067 nos

378 3145 444 3209 Hoc
465 3151 548 3208 ntotu
567 3141 727 3208 liudiorsiis
747 3141 869 3207 Etesiae
888 3143 922 3208 io
941 3144 1019 3209 codo
1034 3146 1123 3228 portti
1143 3179 1184 3194 -

213 3287 282 3354 153.
314 3287 384 3352 1155
403 3287 489 3352 idem
509 3285 610 3351 nostri
632 3286 756 3370 saepius
778 3306 842 3350 non
865 3285 1022 3361 tulissent,
1047 3286 1132 3373 quod
1155 3287 1264 3353 Graeci
1286 3287 1415 3353 laudare
1437 3289 1568 3354 ctiamrs

211 3380 324 3447 solent.
369 3379 431 3447 Sed
460 3379 536 3466 quid
565 3398 624 3465 ego
652 3381 799 3446 vocales?
836 3380 910 3445 Sine
937 3381 1101 3447 vocalibus
1130 3403 1225 3466 saepe
1253 3381 1415 3448 brevitatis
1438 3404 1532 3448 causa

211 3477 453 3553 contrahebant,
475 3474 565 3540 ntita
584 3475 743 3550 dicerent,
766 3473 886 3538 multi’
908 3476 1057 3552 modis,
1075 3479 1151 3541 vas'
1174 3479 1399 3562 argenteis,
1423 3478 1531 3565 palm’

213 3577 250 3634 51
271 3568 471 3645 crinibus,
494 3569 601 3634 teoti‘
623 3569 776 3633 fractis.
822 3568 906 3645 Quid
926 3588 1004 3634 vero
1025 3568 1187 3647 licentius,
1210 3592 1303 3658 quam
1324 3574 1410 3657 qnod
1431 3571 1532 3637 homi-

210 3684 288 3727 num
310 3666 403 3729 etiam
425 3665 553 3729 nomina
574 3658 813 3737 contrahebant,
837 3681 901 3747 quo
922 3669 1026 3726 essent
1045 3664 1188 3749 aptiora?
1210 3667 1288 3730 Nam
1301 3673 1336 3730 ut
1356 3663 1531 3731 duellum

212 3754 383 3823 hellumei
409 3758 495 3821 5515
521 3754 587 3831 bis,
622 3758 667 3821 sic
694 3755 894 3822 Duellium
924 3777 1014 3830 eum,
1048 3759 1102 3843 qui
1129 3759 1253 3825 Poenos
1273 3759 1372 3826 classe
1394 3757 1568 3837 devicimus

213 3851 387 3919 Bellium
408 3852 668 3928 nominaverunt,
689 3872 759 3916 cum
775 3854 954 3938 superiores
976 3849 1123 3937 appellati
1146 3860 1250 3917 essent
1271 3872 1396 3937 semper
1416 3855 1532 3919 Duel-

212 3944 270 4012 lii.
315 3948 399 4025 Quin
419 3949 514 4013 etiam
539 3943 634 4012 verba
656 3965 751 4028 saepo
772 3945 1000 4012 contrabuntur
1020 3965 1083 4012 non
1104 3967 1181 4012 usus
1203 3967 1297 4012 causa
1318 3947 1372 4013 sed
1394 3950 1529 4014 5551555.

214 4041 382 4118 Quomodo
406 4042 489 4108 onim
511 4049 617 4108 vester
635 4041 766 4107 Axilla
787 4039 853 4106 Ala
873 4039 974 4106 laotos
995 4049 1042 4107 est
1052 4087 1063 4119 ,
1100 4041 1162 4107 nisi
1182 4039 1256 4126 iuga
1276 4041 1395 4109 litterae
1416 4045 1532 4110 vastio-

214 4137 277 4200 risi
314 4154 406 4222 quam
438 4136 573 4203 litteram
607 4136 701 4202 etiam
731 4159 749 4202 e
782 4136 964 4201 maxillis
996 4143 1029 4200 51
1058 4135 1219 4203 taxillis
1254 4137 1466 4204 5111551115
1499 4147 1530 4206 51

284 4363 309 4415 5.
330 4367 526 4428 5555555511.
545 4365 596 4418 Gn.
616 4368 642 4418 1.
663 4365 717 4418 551.
737 4365 775 4418 li:
807 4379 951 4430 5555555555
967 4363 1042 4417 Mon.
1062 4363 1100 4428 5,
1132 4365 1319 4431 5555555155.
1347 4362 1530 4433 (5555555115-

215 4447 289 4487 55555
308 4435 357 4487 Gn.
377 4434 417 4503 3.)
435 4461 467 4474 -
493 4439 625 4490 1555511115
639 4438 735 4499 positis
752 4438 793 4497 A,
813 4437 844 4488 i..
863 4462 897 4472 -
923 4437 951 4488 3.
976 4435 1112 4502 55555551
1130 4438 1183 4489 vit.
1202 4437 1275 4489 5155.
1293 4436 1342 4488 Dr.
1365 4436 1417 4488 Gn.
1438 4440 1463 4488 1.
1482 4438 1528 4488 55

215 4501 413 4572 5555551115.
430 4531 458 4544 -
480 4509 677 4560 subtilissimum
696 4507 755 4558 Vct.
777 4508 869 4570 stepb.
891 4507 961 4565 1151..
981 4508 1057 4558 1..-
1077 4507 1104 4557 4.
1124 4509 1188 4575 puin
1206 4508 1259 4559 Vlt.
1279 4508 1352 4559 5155.
1373 4506 1420 4559 115.
1435 4507 1487 4559 Gn.
1500 4507 1528 4560 3.

214 4577 379 4640 5155.,551.
401 4578 435 4629 11.
455 4577 675 4632 5155515555.
695 4593 721 4641 5.
742 4577 785 4631 311.
807 4584 833 4629 51
851 4577 955 4631 Goeller
973 4579 1006 4629 55
1026 4579 1053 4629 5.
1072 4579 1091 4630 l.
1113 4604 1143 4617 -
1176 4577 1376 4645 1555155511.
1396 4603 1429 4616 -
1451 4579 1531 4630 Tbso·

213 4651 437 4712 55555555155
454 4648 507 4700 Tit.
527 4651 598 4702 5155.
617 4649 663 4700 Dr.
684 4649 734 4701 Gu.
754 4651 781 4699 1.
800 4649 827 4698 5.
847 4647 889 4699 Rs
919 4651 999 4700 51155
1018 4649 1210 4712 Theopompum
1228 4651 1260 4701 5.
1280 4675 1314 4688 -
1332 4649 1359 4701 5.
1381 4649 1450 4701 iderti
1468 4649 1528 4704 vet.

216 4719 308 4782 soeph.
329 4717 381 4771 (iu.
400 4721 427 4771 3.
445 4719 529 4772 Pulsi.
547 4720 570 4770 1.
591 4718 661 4771 Eri:
686 4721 715 4770 id
733 4719 787 4770 Vit.
806 4719 878 4770 5155.
898 4717 945 4768 Dr.
966 4719 1023 4769 115.
1045 4719 1099 4771 Cir.
1117 4720 1195 4772 115511
1215 4719 1293 4772 Tuis.
1312 4720 1347 4771 11.
1368 4731 1395 4783 p.
1414 4718 1477 4772 355.
1496 4745 1530 4760 -

215 4791 787 4855 1.11511155.551511.-515155115-
816 4788 1104 4842 1155515155551.
1125 4815 1155 4828 -
1184 4791 1228 4842 11.
1246 4788 1292 4855 511]
1311 4790 1440 4853 551511..
1465 4799 1531 4845 55551

216 4861 249 4912 11.
269 4883 304 4900 -
322 4861 366 4912 tii.
384 4861 510 4926 ,11515555
527 4861 557 4914 5.
578 4887 606 4900 -
626 4862 670 4913 20.
691 4859 813 4917 Gratti,
833 4859 870 4910 La
890 4859 968 4912 55511·
987 4861 1018 4910 5.
1037 4883 1071 4898 -
1089 4861 1133 4912 51.
1151 4858 1238 4926 semei]
1257 4875 1335 4926 55555
1351 4861 1375 4917 A
1393 4867 1529 4928 5515511155

216 4931 375 4996 interpolati.
401 4959 433 4970 -
462 4931 506 4984 ai.
523 4931 605 4995 55555
623 4937 648 4982 51
664 4933 778 4984 crinibus
797 4929 876 4980 iibri:
902 4929 986 4994 pussi'
1005 4931 1119 4983 crinibus
1135 4932 1246 4994 55555..
1273 4943 1344 4997 5555*
1367 4938 1393 4984 51
1416 4937 1530 4987 55151555

217 5009 291 5066 qussi
310 5016 372 5055 cum
391 5002 484 5056 humb.
506 5004 536 5053 5.
569 5001 646 5055 Certa
664 5004 739 5056 55555
759 5003 838 5053 55155
857 5003 1054 5063 compositionis
1078 5010 1118 5056 est
1135 5004 1163 5054 15
1182 5004 1315 5066 5551511115
1335 5003 1446 5058 1155555
1464 5005 1527 5060 515.

216 5073 309 5125 llerm.
338 5075 390 5126 καὶ
417 5075 501 5146 55551
527 5075 578 5126 551
594 5071 727 5138 κόμαισι·
758 5073 824 5124 5555
847 5078 877 5123 51
902 5071 1025 5126 hunnum
1050 5074 1197 5138 55515155
1221 5074 1388 5142 desumptum
1407 5075 1529 5132 rideatur

218 5158 249 5197 55
268 5144 347 5196 55511
366 5146 488 5198 1155555.
508 5143 559 5198 On.
583 5169 609 5182 -
631 5141 674 5195 31.
692 5142 913 5196 5555555511.

275 5251 414 5298 mmai
1153 5251 1194 5315 23
