3720 5840
712 409 789 476 LlB.
818 410 869 478 lv.
913 411 947 477 G.
971 411 1003 476 7.
1027 414 1058 482 8.
1082 414 1111 482 9.
1534 414 1574 480 55

246 575 423 662 pulsassent
445 569 582 656 aliquem
605 576 659 636 aut
685 579 846 656 postremo
872 577 1054 648 necassent,
1088 573 1230 638 maxima
1258 573 1410 659 supplicia
1436 574 1573 640 maiores

247 675 525 754 consumpserunt3
548 669 621 732 huic
644 667 909 732 truculentissimo
931 688 967 730 ac
990 665 1110 733 nelarie
1131 665 1264 732 facinori
1285 667 1474 753 singularem
1497 688 1574 753 poe-

247 785 318 830 nam
352 762 556 849 reliquerunt.
613 765 714 847 Atque
738 762 771 826 in
800 761 869 826 aliis
902 763 1064 827 maleficiis
1093 759 1132 826 ad
1155 763 1296 844 singulos
1318 769 1372 825 aut
1393 749 1433 827 a'd
1455 782 1572 849 paucos

247 880 288 926 ex
310 859 413 924 alieno
435 863 565 943 peccato
587 855 700 921 iniuria
722 859 886 942 perrenit3
911 857 1005 922 huius
1028 858 1156 921 sceleris
1178 857 1231 942 qui
1254 863 1327 921 sunt
1348 855 1476 932 affines,
1508 878 1571 921 uno

247 955 379 1022 consilio
401 953 556 1018 universis
580 951 701 1016 civibus
723 954 935 1016 atrocissimas
958 950 1149 1016 calamitates
1169 951 1399 1015 machinantur.
1445 947 1595 1017 Oleross

246 1051 386 1117 animoel
419 1070 438 1113 o
463 1049 606 1112 crudeles
629 1045 856 1130 cogitationes!
893 1068 911 1110 o
934 1044 1101 1111 derelictos
1123 1047 1269 1109 homines
1292 1048 1332 1110 ab
1354 1046 1570 1111 humanitate!

247 1148 301 1234 qui
322 1145 354 1209 id
376 1163 468 1227 agere
492 1141 559 1206 ausi
582 1149 655 1206 suut
669 1148 722 1206 aut
736 1143 875 1226 cogitare
888 1147 1078 1227 potuerunt,
1103 1159 1166 1223 quo
1180 1146 1273 1227 paeto
1288 1141 1416 1216 hostes,
1441 1139 1572 1206 remdsis

246 1243 400 1307 maiorum
422 1237 616 1320 sepulchris,
648 1235 778 1300 deiectis
799 1235 979 1310 moenibus,
1014 1242 1142 1300 ovantes
1164 1235 1320 1298 irruerent
1340 1233 1373 1299 iu
1395 1237 1570 1314 civitatem

246 1355 310 1424 quo
332 1336 425 1398 modo
450 1334 544 1397 deism
566 1333 691 1416 templis
712 1332 870 1416 spoliatis,
901 1331 1103 1415 optimatibus
1125 1333 1308 1407 tmcidatis,
1343 1330 1412 1396 aliis
1434 1333 1572 1418 abreptis

245 1433 279 1495 in
301 1429 503 1501 servitutem,
537 1422 823 1491 matribussamilias
845 1433 877 1490 et
898 1426 1042 1510 ingenuis
1066 1423 1124 1490 suh
1145 1424 1291 1490 hostilem
1313 1424 1475 1491 libidinem
1499 1429 1610 1492 sub-ro

246 1525 356 1598 iactis,
380 1524 456 1586 urbs
477 1521 681 1584 acerbissimo
704 1521 849 1584 concidat
869 1518 1015 1584 incendio
1032 1521 1238 1603 conflagrata3
1264 1522 1318 1606 qui
1334 1542 1368 1585 se
1382 1540 1448 1586 non
1462 1527 1573 1608 putant

246 1622 296 1695 id,
332 1618 417 1704 quod
439 1616 613 1688 voluerint,
651 1615 691 1677 ad
721 1612 841 1677 exitum
871 1614 1079 1701 perduxisse,
1115 1617 1177 1680 nisi
1206 1615 1420 1680 sanctissimae
1451 1619 1572 1700 patriae

246 1714 456 1780 miserandum
486 1707 629 1773 scelerati
658 1709 795 1772 viderint
817 1710 964 1774 cinerem.
1007 1713 1139 1794 Nequeo
1161 1712 1267 1776 verbis
1289 1710 1461 1800 consequi,
1490 1710 1573 1777 iudi·

246 1831 317 1885 ces,
351 1807 569 1890 indignitatem
602 1803 672 1880 rei;
709 1807 764 1868 sed
796 1805 1007 1889 negligentius
1038 1802 1070 1868 id
1100 1801 1187 1879 lero,
1221 1803 1296 1890 quia
1325 1823 1382 1870 vos
1413 1805 1476 1870 mei
1506 1827 1572 1870 non

246 1903 354 1992 egetis.
396 1904 508 1968 Vester
529 1899 612 1963 cuim
635 1918 692 1963 ros
714 1897 835 1964 animus
857 1897 1087 1964 amantissimus
1110 1899 1157 1964 rei
1177 1899 1323 1985 publicae
1339 1897 1430 1965 facile
1445 1904 1608 1978 edocetis

246 2010 282 2066 ut
303 2018 396 2074 eum,
421 1994 476 2081 qui
497 1991 639 2058 fortunas
662 1995 802 2058 omnium
824 1992 959 2058 voluerit
980 1997 1136 2076 predere,
1161 1993 1364 2079 praecipitem
1379 1998 1572 2080 proturbatis

246 2119 286 2161 ex
318 2115 356 2160 ea
389 2091 534 2166 civitate,
569 2108 662 2176 quam
690 2089 750 2154 iste
778 2085 916 2154 hostiam
949 2087 1225 2172 spurcissimorum
1257 2089 1420 2156 dominatu
1451 2089 1573 2158 nefario

245 2187 382 2256 voluerit
403 2189 550 2251 obruere.

329 2283 385 2348 ix.
409 2283 458 2345 13.
480 2283 516 2344 ln
537 2277 690 2344 mediocri
712 2274 812 2361 ligura
832 2277 1011 2342 versabitur
1032 2280 1152 2354 oratio,
1177 2279 1203 2342 si
1225 2281 1320 2354 haec,
1345 2288 1381 2344 ut
1403 2288 1476 2347 ante
1493 2282 1571 2360 dixi,

246 2378 472 2466 aliquantulum
495 2372 712 2439 demiserimus
734 2393 837 2455 neque
859 2379 963 2437 mmen
985 2376 1025 2437 ad
1049 2372 1189 2438 infimum
1211 2376 1484 2452 descenderimus,
1507 2378 1610 2440 siesse

246 2476 440 2554 Quibuscum
462 2469 580 2534 bellum
603 2466 758 2548 gerimus,
782 2469 919 2543 iudices,
943 2467 1076 2547 videtis3
1101 2491 1173 2532 cum
1194 2471 1309 2546 sociis,
1335 2471 1389 2556 qui
1403 2489 1463 2554 pro
1478 2473 1573 2536 nobis

245 2588 385 2654 pugnare
408 2573 440 2630 et
459 2565 626 2650 imperium
648 2568 788 2627 nostrum
810 2561 976 2626 nobiscum
1007 2563 1099 2629 simul
1126 2564 1241 2628 virtute
1269 2571 1300 2629 et
1321 2564 1476 2631 industria
1498 2587 1573 2631 con-

246 2684 370 2729 servare
394 2660 478 2727 soliti
501 2667 583 2724 sunt.
629 2657 670 2721 lli
694 2676 765 2720 cum
787 2678 820 2722 se
844 2665 874 2720 et
889 2677 966 2743 opes
980 2680 1052 2723 suas
1068 2667 1100 2724 et
1115 2661 1237 2745 copiam
1253 2660 1429 2724 necessario
1446 2662 1568 2736 norint,

245 2767 311 2822 tum
333 2777 410 2822 vero
433 2754 532 2820 nihilo
556 2754 658 2817 minus
679 2759 809 2838 propter
829 2754 1096 2839 propinquitatem
1122 2761 1154 2818 et
1175 2755 1316 2818 omnium
1338 2775 1446 2819 rerum
1470 2753 1571 2820 socie·

245 2859 361 2926 tatem,
385 2850 460 2934 quid
483 2851 515 2912 in
538 2844 684 2912 omnihus
707 2848 801 2910 rebus
823 2847 958 2932 populus
981 2851 1141 2913 Romanus
1162 2856 1290 2934 posset,
1314 2851 1395 2913 scire
1418 2856 1450 2913 et
1465 2850 1609 2914 existi-ss

245 2967 331 3012 mare
353 2951 509 3032 poterant.
554 2941 614 3017 lli,
638 2961 709 3004 cum
731 2942 960 3005 deliberassent
973 2945 1137 3009 nobiscum
1152 2940 1270 3010 hellam
1286 2963 1414 3028 gerere,
1439 2963 1570 3032 quaeso,

245 3061 326 3128 quae
348 3059 399 3104 res
420 3044 504 3114 erat,
529 3056 591 3123 qua
612 3034 683 3100 sreti
705 3035 824 3100 bellum
846 3037 1006 3121 suscipere
1023 3045 1231 3114 conarentur,
1257 3059 1328 3102 cum
1350 3039 1449 3105 multo
1472 3040 1573 3104 masi-

245 3157 329 3200 mam
359 3141 480 3220 partem
512 3135 671 3196 sociorum
698 3129 731 3194 in
764 3128 869 3194 officio
897 3151 1025 3196 manere
1053 3130 1286 3216 intelligerent?
1318 3153 1390 3197 curn
1418 3130 1478 3198 sihi
1506 3155 1572 3197 non

245 3226 475 3295 multitudinem
497 3227 652 3300 militum,
687 3244 752 3289 non
773 3224 907 3290 idoneos
928 3226 1155 3313 imperatores,
1186 3247 1251 3291 non
1274 3228 1439 3310 pecuniam
1467 3224 1572 3314 puhli-

247 3347 314 3392 cam
337 3332 461 3408 praesto
487 3340 555 3385 essa
577 3320 745 3384 viderent?
768 3340 833 3383 non
854 3323 990 3405 denique
1012 3321 1109 3385 ullam
1131 3341 1219 3396 reru,
1244 3342 1325 3408 quae
1347 3343 1398 3387 ras
1414 3325 1609 3409 pertinentes

246 3419 285 3486 ad
307 3418 423 3485 hellam
446 3415 747 3479 administrandum?
772 3414 805 3476 Si
828 3432 899 3476 cum
920 3412 1058 3478 finitimis
1081 3417 1121 3479 da
1143 3412 1257 3480 finibus
1281 3416 1397 3482 hellam
1412 3425 1569 3500 gererent,

246 3516 271 3580 si
294 3522 394 3579 totum
417 3519 574 3575 certamen
601 3511 634 3572 in
668 3526 732 3573 uno
764 3507 886 3594 proelio
919 3511 1056 3592 positum
1089 3518 1254 3592 putarent,
1291 3519 1394 3577 tamen
1425 3510 1571 3577 omnihus

246 3611 341 3675 rebus
362 3608 579 3671 instructiores
601 3612 634 3668 et
654 3604 867 3689 apparatiores
882 3607 1043 3683 venirent3
1069 3607 1182 3670 nedum
1205 3608 1283 3671 illud
1298 3607 1468 3691 imperium
1484 3609 1571 3672 orbis

245 3713 371 3779 terrae,
406 3701 456 3766 cui
477 3701 610 3786 imperio
634 3719 744 3763 omnes
768 3706 894 3781 gentes,
929 3721 1041 3784 reges,
1074 3701 1219 3766 nationes
1241 3701 1356 3784 partim
1379 3704 1425 3776 vi,
1457 3703 1571 3789 partim

245 3803 405 3866 voluntate
428 3802 672 3870 concesserunt,
697 3813 768 3858 oum
790 3798 844 3858 aut
865 3794 959 3858 armis
981 3800 1034 3860 aut
1054 3793 1241 3860 liberalitate
1261 3797 1608 3881 apopuloltomanaes

246 3896 384 3978 superati
407 3899 532 3966 essent,
565 3891 606 3953 ad
635 3911 669 3953 se
691 3884 860 3952 transferre
883 3890 1010 3952 tantulis
1031 3889 1152 3954 viribus
1175 3898 1375 3956 conarentur.
1432 3891 1571 3967 Quaeret

246 3991 380 4075 aliquis:
416 3984 521 4065 Quidt
553 3983 727 4069 Fregellani
748 4003 812 4047 uon
835 4003 891 4046 sua
913 3991 1024 4067 sponte
1047 3985 1152 4047 conati
1174 3989 1267 4049 sunt‘l
1300 3987 1347 4050 Eo
1370 3984 1496 4070 quidem
1519 3985 1570 4050 isti

246 4083 348 4148 minus
370 4079 461 4146 facile
484 4085 692 4153 conarentur,
727 4075 813 4163 quod
839 4075 885 4140 illi
914 4078 1179 4161 quemadmodum
1211 4078 1448 4156 discessissent,
1483 4081 1571 4145 vide—

315 4245 341 4294 a.
362 4242 558 4307 reliquerootl
579 4237 684 4302 (idest,
712 4239 841 4300 «porteris
860 4251 918 4288 earu
938 4241 1136 4304 excogitandam
1154 4239 1317 4308 etreruuts)=
1336 4255 1390 4293 non
1407 4245 1570 4310 reliquerant

247 4329 307 4368 curn
329 4319 422 4367 ceteris
442 4312 553 4363 ltbrtsE
581 4309 637 4373 (sed
666 4311 708 4360 hta
735 4324 789 4360 noo
814 4311 996 4372 reliquerunt?
1028 4325 1088 4362 eum
1114 4316 1239 4376 interrog.
1266 4316 1357 4376 siguo,
1388 4314 1465 4364 aliter
1490 4323 1570 4377 etque

247 4385 394 4446 cetasti-
414 4385 495 4448 Atqui
514 4381 567 4432 lirl.
588 4382 619 4432 b.
646 4405 677 4417 -
697 4380 724 4430 7.
754 4381 844 4446 quiid
860 4382 962 4432 cornl'
981 4387 1008 4432 et
1027 4384 1090 4433 lira.
1106 4381 1194 4433 Ceteri
1211 4383 1284 4448 qaid.
1301 4410 1330 4421 -
1348 4386 1569 4446 perrumpatur,

248 4485 277 4496 -
299 4461 341 4509 tl.
361 4455 395 4506 V.
416 4453 585 4521 conflaqrota
604 4455 660 4502 stne
679 4463 756 4501 cause
776 4453 882 4508 seclusit
902 4453 934 4501 Ε.
962 4477 993 4488 -
1022 4457 1065 4504 15.
1085 4454 1209 4518 indiqetr'e
1228 4455 1250 4504 Τ
1269 4453 1341 4505 solus
1361 4469 1391 4507 οι
1413 4461 1517 4508 norm„
1539 4481 1571 4494 .-

247 4529 289 4580 17.
310 4530 423 4580 bostium
441 4527 669 4587 spurcissimorum
687 4522 777 4571 Pltlll'
795 4530 822 4572 et
842 4536 908 4572 corr.
923 4518 959 4572 F:
978 4526 1210 4588 spurcissimorum
1229 4527 1339 4576 bostium
1352 4526 1413 4586 ΑΕ,
1432 4530 1572 4592 sparsura

245 4613 348 4651 morum
368 4595 429 4662 (orn.
450 4595 572 4656 testium)
592 4607 631 4656 pr.
645 4592 674 4640 F.
694 4617 728 4626 —
753 4592 795 4642 18.
814 4595 897 4643 coluit
916 4593 991 4645 Pl'll.
1013 4620 1044 4633 -
1068 4596 1113 4645 23.
1133 4595 1182 4647 Vr.
1202 4597 1238 4647 Et
1255 4599 1358 4657 copiam
1376 4598 1428 4648 del.
1447 4599 1572 4651 censebat

247 4671 309 4722 liro.
327 4671 365 4721 rel
386 4671 434 4731 leg.
449 4673 473 4716 st
491 4669 597 4728 copiam
617 4670 644 4714 et
661 4675 723 4714 sero
743 4662 792 4712 boc
810 4662 933 4726 (rnilitum
952 4665 1105 4730 numerum)
1124 4671 1209 4727 iprum
1226 4669 1356 4731 significat
1376 4673 1454 4720 ettam
1472 4671 1568 4734 stapel.

247 4767 277 4778 ..
298 4741 447 4791 necessario
466 4737 590 4787 enarre
609 4734 817 4784 necessariorum
832 4737 886 4785 llll.
901 4761 932 4772 -
950 4744 1052 4789 norant
1071 4737 1190 4788 ruber.
1206 4763 1236 4777 -
1255 4739 1298 4790 28.
1317 4745 1421 4802 partem
1438 4743 1571 4792 sociorum

245 4812 377 4862 Panna:
397 4812 528 4862 sociorum
545 4813 648 4869 partem
666 4805 717 4856 Fe.
739 4829 769 4840 -
795 4805 837 4854 30.
858 4819 925 4870 quae
943 4819 985 4857 res
1002 4808 1128 4858 rarus:
1150 4821 1217 4871 qnae
1237 4807 1368 4871 (omres)
1388 4813 1439 4861 ΒΕ.
1461 4839 1493 4850 -
1511 4825 1571 4876 pse.

247 4885 329 4934 timeat
349 4883 392 4932 BR
414 4887 440 4932 et
459 4879 708 4938 corrumperetur
726 4875 790 4925 PFT
810 4883 836 4926 et
854 4890 894 4939 pr.
915 4877 952 4936 b,
970 4880 1112 4942 pertineret
1130 4879 1162 4929 ll.
1182 4882 1252 4931 eout.
1281 4907 1312 4918 -
1346 4881 1389 4932 33.
1409 4890 1435 4933 et
1453 4897 1570 4946 apparo-

247 4955 326 5004 tiores
344 4953 453 5004 PABR:
475 4956 499 5000 et
514 4950 665 5013 paratiores
684 4946 741 5006 FT,
761 4959 792 4995 ao
807 4949 963 5009 paratiores
981 4949 1010 4999 E.
1032 4973 1061 4986 ·-
1082 4951 1125 4999 ³5.
1145 4960 1324 5003 oonomserunr
1340 4953 1415 5005 Voss.
1431 4961 1489 5004 tert.
1502 4954 1567 5004 eod,

248 5023 373 5080 sanciat,
394 5023 465 5076 Cret.
485 5021 522 5080 L,
543 5019 620 5068 seb:
640 5022 826 5066 consenserant
843 5017 1008 5070 PABFRTE.
1024 5043 1055 5055 -
1074 5020 1118 5070 37.
1137 5021 1182 5070 isti
1199 5024 1284 5075 minas
1301 5023 1406 5078 l‘ffl:
1425 5025 1570 5076 minorissa·

248 5095 302 5148 RE.
326 5121 355 5136 -
375 5093 418 5150 38.
438 5094 578 5148 damnem
596 5088 722 5152 sabea,
742 5089 865 5142 deriserat
882 5090 915 5140 Τ.
953 5089 1071 5144 Correxit
1089 5091 1234 5146 Emeritos.
