3742 5852
307 455 371 522 too
788 409 790 412 ⁵
903 455 1054 521 saurus

308 623 414 701 specta
437 619 485 679 est
504 613 670 700 utriusque
692 614 838 678 nostrum
861 613 1047 680 exercitatio
1070 615 1178 698 paullo
1201 621 1294 690 ante,
1317 633 1412 700 quam
1433 613 1640 702 perterritum

307 711 407 774 armis
427 710 490 773 hoc
512 709 667 783 studium,
691 710 803 780 Brute,
834 715 976 773 nostrum
1000 707 1151 774 conticuit
1171 706 1276 773 subito
1300 717 1332 774 et
1354 708 1529 787 obmutuit;
1568 729 1640 773 cum

308 802 378 889 lege
399 805 553 886 Pompeia*
570 803 669 866 ternis
690 801 779 866 horis
801 799 841 866 ad
863 799 1029 868 dicendum
1052 800 1148 878 datis,
1170 805 1211 868 ad
1233 824 1343 868 causas
1364 803 1537 868 simillimas
1555 802 1640 868 inter

308 917 344 964 so
365 899 416 963 vel
436 896 542 985 potius
564 895 690 962 easdem
711 895 786 962 novi
806 894 1009 962 veniebamus
1032 898 1185 983 quotidie.
1231 896 1354 974 Quibus
1384 896 1512 983 quidem
1540 899 1643 962 causis

284 999 342 1059 stu
363 992 472 1068 etiam,
496 996 608 1065 Brute,
630 998 759 1074 praesto
782 988 868 1056 fuisti
891 990 1131 1077 compluresque
1147 990 1358 1056 etnohiscum
1381 1000 1415 1056 et
1428 991 1514 1058 solus
1529 990 1640 1076 egisti,

307 1095 344 1153 ut
372 1088 426 1174 qni
455 1085 519 1152 non
550 1085 625 1151 satis
647 1085 702 1150 diu
723 1087 839 1150 vixerit
860 1086 1048 1150 Hortensius
1070 1091 1176 1150 tamen
1198 1088 1281 1150 huuc
1303 1106 1431 1152 cursum
1455 1083 1640 1151 confecerit.

308 1184 406 1248 Annis
427 1190 500 1246 ante
521 1179 630 1246 decem
653 1200 762 1244 causas
784 1198 880 1263 agere
902 1178 1023 1263 coepit,
1046 1200 1142 1264 qnam
1165 1187 1201 1244 tu
1223 1201 1258 1246 es
1281 1188 1389 1261 natus;
1421 1180 1506 1247 idem
1528 1188 1642 1270 quarto

308 1285 341 1341 et
360 1277 556 1360 sexagesimo
578 1295 680 1350 anno,
703 1275 868 1360 perpaucis
889 1281 961 1338 ante
982 1282 1117 1340 mortem
1140 1272 1272 1353 diebus,
1296 1297 1359 1341 nna
1372 1284 1476 1341 tecum
1492 1296 1641 1342 socerum

308 1378 397 1437 tuum
425 1369 565 1435 defendit
592 1369 740 1455 Appium.
785 1367 917 1433 Dicendi
946 1375 1051 1434 autem
1079 1389 1178 1454 genus
1207 1372 1293 1457 quod
1315 1368 1411 1436 fuerit
1433 1372 1466 1436 in
1489 1380 1640 1460 utroque,

270 1481 299 1524 1⁰
310 1465 471 1534 orationes
492 1465 659 1548 utriusque
680 1462 776 1528 etiam
798 1461 934 1546 posteris
955 1460 1072 1528 nostris
1094 1462 1288 1529 indicabunt.

392 1562 488 1628 XCV.
511 1563 585 1625 335.
607 1557 735 1632 Sed,·si
749 1557 949 1645 quaerimus,
965 1576 1023 1622 cur
1036 1555 1218 1624 adolescens
1233 1562 1332 1644 magis
1347 1557 1492 1627 floruerit
1506 1561 1641 1628 dicendo

309 1678 404 1743 qnam
426 1655 534 1721 senior
554 1651 760 1730 Hortensius,
794 1673 903 1718 causas
933 1653 1127 1737 reperiemus
1150 1655 1328 1719 verissimas
1350 1657 1438 1722 duas.
1482 1658 1641 1732 Primum,

309 1753 396 1838 quod
428 1769 528 1836 genus
558 1756 626 1814 erat
657 1747 812 1813 orationis
841 1746 1032 1822 Asiaticum,
1065 1744 1297 1813 adolescentiae
1327 1751 1427 1834 magis
1456 1769 1642 1817 concessum

177 1901 182 1911 .
309 1865 405 1934 quam
427 1843 591 1910 senectuti.
638 1845 761 1908 Genera
783 1850 887 1907 autem
909 1840 1065 1907 Asiaticae
1086 1839 1233 1909 dictionis
1255 1841 1318 1909 duo
1340 1853 1428 1910 sunt:
1452 1865 1549 1928 unum
1573 1866 1645 1911 sen—

158 1916 176 1982 s
272 1942 481 2006 retentiosum
517 1945 550 2003 et
579 1945 745 2021 argutum,
782 1935 944 2002 sententiis
973 1955 1038 2000 non
1067 1943 1130 2001 tam
1161 1936 1308 2023 gravibus
1337 1946 1369 2004 et
1393 1940 1511 2005 severis
1547 1961 1641 2026 quam
1769 2013 1773 2020 ⁴

312 2033 473 2102 concinnis
502 2039 536 2098 et
564 2029 722 2108 venustis;
744 2029 859 2115 t'qualis
887 2032 920 2096 in
950 2030 1085 2096 historia
1114 2031 1276 2111 Timaeus,
1309 2034 1343 2098 in
1372 2032 1643 2105 dicendolautem

263 2158 267 2167 ¹
310 2132 420 2217 pueris
440 2127 545 2194 nohis(
556 2121 720 2191 Hierocles
741 2122 960 2202 Alabandeus)
993 2125 1094 2209 magis
1116 2125 1411 2224 etiamlMeuecles)
1439 2129 1537 2210 srater
1558 2129 1643 2207 eius,

135 2215 224 2334 yffi
290 2219 396 2313 time}-
419 2241 554 2310 quorum
577 2220 741 2304 utriusque
763 2217 924 2284 orationes
947 2223 1018 2284 sunt
1040 2221 1213 2308 imprimis,
1236 2231 1271 2288 ut
1291 2225 1427 2290 Asiatico
1450 2223 1483 2289 in
1506 2243 1642 2309 genera,

312 2315 496 2386 laudabiles.
540 2311 634 2378 Aliud
666 2320 771 2377 autem
805 2331 904 2398 genus
936 2320 985 2378 est
1014 2337 1078 2385 non
1110 2325 1180 2383 taur¹
1213 2316 1379 2382 sententiis
1414 2316 1645 2405 frequentatum

274 2433 408 2500 nquam
427 2411 535 2478 verbis
556 2406 685 2476 volucre
707 2414 801 2494 atque
822 2406 1002 2486 incitatum,
1026 2411 1112 2500 quali
1135 2420 1183 2476 est
1203 2433 1286 2477 nunc
1303 2414 1376 2477 Asia
1397 2421 1481 2490 tota,
1505 2434 1564 2478 nec
1586 2410 1644 2478 flu-

313 2508 398 2574 mine
419 2505 523 2572 solum
544 2503 715 2578 orationis,
752 2504 807 2567 sed
837 2502 932 2567 etiam
961 2516 1115 2572 exornato
1138 2514 1170 2570 et
1189 2504 1293 2572 laceto
1316 2525 1432 2591 genera
1453 2509 1642 2587 verborum

160 2624 195 2678 *r
275 2603 278 2612 '
301 2587 346 2682 (in
368 2620 433 2687 quo
454 2598 513 2694 luit
533 2597 706 2684 Aeschylus
730 2596 858 2663 Cnidius
880 2606 912 2664 et
933 2620 1023 2665 meus
1050 2599 1360 2692 aequalisihlilesius
1380 2603 1563 2667 Aeschines.
1608 2603 1645 2666 ln

120 2683 217 2779 ηιμ
259 2693 264 2702 '
312 2698 362 2765 bis
388 2703 456 2762 crat
484 2692 675 2760 admirabilis
707 2693 857 2758 orationis
887 2715 1015 2770 cursus,
1052 2703 1164 2761 ornata
1194 2694 1420 2761 sententiarum
1449 2697 1644 2761 concinnitas

313 2813 378 2858 non
401 2799 479 2856 erat.
525 2793 598 2855 326.
623 2789 709 2852 Haec
730 2794 851 2862 autem,
874 2796 911 2853 ut
932 2788 1016 2865 dixi,
1043 2810 1160 2874 genera
1182 2787 1306 2855 dicendi
1329 2793 1452 2874 aptiora
1476 2799 1549 2857 sunt
1569 2793 1646 2856 ado·

276 2883 520 2962 ralesoentibus3
542 2883 575 2948 in
598 2881 725 2948 senibus
749 2881 935 2966 gravitatem
957 2905 1021 2948 non
1043 2883 1169 2951 hahent.
1213 2886 1323 2972 ltaque
1345 2887 1535 2951 Hortensius
1557 2894 1646 2952 utro·

314 3001 377 3068 que
399 2999 514 3065 genere
535 2974 652 3042 llorens
673 2979 826 3042 clamores
847 2974 985 3042 faciebat
1012 2976 1207 3043 adolescens.
1252 2981 1398 3045 Habebat
1421 2981 1504 3046 euim
1527 2988 1560 3045 et
1580 2984 1646 3046 hle-

313 3073 451 3142 neclinm
473 3070 551 3138 illud
568 3069 705 3138 studium
721 3072 904 3136 crebrarum
919 3080 1183 3159 venustarumque
1199 3075 1444 3156 sententiarum
1468 3074 1643 3162 inquibus,

314 3177 349 3237 ut
370 3172 403 3234 in
424 3166 480 3234 illo
504 3170 638 3241 Graeco,
670 3164 717 3230 sic
742 3167 776 3230 in
801 3166 865 3230 hoo
891 3174 981 3231 erant
1001 3166 1157 3253 quaedam
1180 3173 1278 3254 magis
1300 3177 1451 3236 venustae
1474 3171 1644 3257 dulcesque

314 3264 490 3331 sententiae
511 3281 606 3348 quam
628 3268 683 3327 aut
703 3261 899 3326 necessariae
921 3268 975 3326 aut
996 3261 1155 3327 interdum
1176 3265 1290 3343 utiles;
1315 3273 1346 3330 et
1362 3273 1430 3330 erat
1448 3267 1550 3330 oratio
1573 3285 1645 3330 cum

278 3361 443 3425 seideitata
465 3364 497 3423 et
517 3353 663 3432 vibrans,
686 3363 752 3421 tum
774 3357 870 3420 etiam
890 3364 1033 3422 accurata
1049 3365 1080 3422 et
1095 3355 1205 3440 polita.
1250 3360 1321 3423 Non
1334 3356 1552 3442 probabantur
1566 3358 1645 3424 haec

315 3453 444 3520 senibus
465 3485 506 3499 -
537 3469 632 3535 saepe
661 3447 807 3515 ridebam
835 3469 906 3515 cum
935 3449 1136 3529 irridentem,
1171 3459 1238 3516 tum
1267 3454 1363 3517 etiam
1393 3455 1578 3519 irascentem
1613 3461 1646 3518 et

316 3547 564 3614 stomachantem
591 3542 772 3628 Philippum
802 3567 864 3622 -3
899 3547 955 3610 sed
984 3547 1181 3612 mirabantur
1210 3547 1444 3625 adolescentes,
1478 3545 1644 3614 multitudo

315 3643 520 3719 movebatur3
569 3642 642 3705 327.
674 3647 743 3704 erat
770 3637 928 3705 excellens
957 3639 1074 3705 indicio
1104 3639 1190 3725 vulgi
1212 3649 1243 3705 et
1264 3639 1355 3707 facile
1376 3644 1495 3727 primas
1516 3644 1645 3708 tenebat

315 3733 510 3801 adolescens.
554 3737 622 3800 Etsi
650 3736 734 3800 enim
762 3755 861 3820 genus
890 3733 966 3800 illud
988 3733 1114 3800 dicendi
1135 3737 1329 3802 auctoritatis
1350 3735 1489 3803 habehat
1509 3757 1643 3821 parum,

278 3839 421 3898 astamen
442 3838 551 3916 aptum
573 3849 643 3895 esse
664 3831 759 3894 aetati
781 3826 962 3907 videbatur3
998 3836 1154 3908 atcerte,
1189 3829 1275 3916 quod
1296 3839 1327 3896 et
1349 3831 1468 3917 ingenii
1491 3833 1645 3918 quaedam

315 3925 418 3992 forma
441 3927 569 3992 lucebat
589 3931 619 3989 et
641 3921 865 3988 exercitatione
886 3921 1026 4009 perfecta
1047 3933 1115 3989 erat
1134 3928 1371 4012 verborumque
1390 3927 1537 3992 adstricta
1559 3945 1645 3995 com·

316 4019 503 4109 prehensio,
537 4037 691 4083 summam
711 4015 875 4082 hominum
897 4015 1137 4084 admirationem
1160 4021 1328 4091 excitabat.
1372 4022 1453 4097 Sed,
1467 4021 1560 4101 (cnm
1579 4019 1645 4085 iam

148 4155 177 4188 ,a
317 4117 457 4181 honores
479 4121 509 4179 et
530 4114 586 4178 illa
607 4113 714 4178 senior
735 4110 904 4178 auctoritas
926 4114 1051 4196 gravius
1073 4115 1223 4200 quiddam
1244 4113 1449 4201 requireret)
1462 4117 1645 4181 remanebat

118 4238 131 4275 r
147 4196 210 4276 2²²
266 4218 281 4268 ,s
317 4209 403 4275 idem
423 4227 482 4274 nec
503 4208 636 4274 decebat
655 4204 759 4285 idem;
787 4208 936 4292 qnodque
958 4206 1217 4274 exercitationem
1239 4209 1438 4299 studiumque
1471 4208 1643 4285 dimiserat,

188 4381 194 4395 ·
260 4298 405 4391 '‘requod
425 4302 458 4370 in
479 4322 518 4367 eo
540 4303 645 4368 suerat
665 4301 1085 4374 acerrimum,<ooncinnitas
1107 4301 1160 4368 illa
1182 4306 1395 4392 crebritasque
1420 4306 1646 4372 sententiarum

257 4386 269 4509 l
318 4398 448 4486 pristina
469 4399 638 4473 manebat,
670 4399 726 4462 sed
748 4415 786 4461 ea
809 4396 924 4460 vestitu
945 4393 1001 4461 illo
1024 4395 1192 4474 orationis,
1228 4417 1293 4485 quo
1315 4407 1498 4473 consuerat,
1533 4403 1644 4463 ornata

150 4482 154 4493 ¹
318 4514 383 4560 non
406 4500 484 4564 erat.
527 4479 597 4558 Hoc
618 4491 677 4557 tibi
697 4489 766 4567 ille,
788 4493 898 4564 Brute,
921 4491 1023 4556 minus
1045 4491 1178 4557 fortasse
1196 4490 1330 4577 placuit,
1354 4513 1448 4581 quam
1464 4491 1643 4580 placuisset,

320 4629 534 4644 *a*

225 4748 229 4758 ,
391 4695 419 4746 ’1.
437 4695 557 4760 Hrmquc
575 4705 635 4744 eum
653 4691 675 4744 11
692 4691 867 4758 retinerer.
894 4715 926 4729 -
956 4691 1000 4743 13.
1017 4693 1135 4756 mucro
1154 4691 1257 4744 rolebrt
1277 4692 1340 4744 Em.
1371 4717 1405 4730 -
1436 4693 1480 4752 20.
1501 4693 1575 4760 queit
1591 4687 1641 4757 ert]

320 4765 407 4830 quoto
426 4773 463 4818 ert
481 4765 544 4817 Sch.
565 4767 634 4816 cont.
655 4788 689 4800 ·-
706 4762 751 4814 23.
770 4763 811 4813 tta
828 4762 876 4827 lq.
895 4775 987 4814 omnes
1005 4769 1111 4825 praeter
1128 4763 1189 4824 33,
1215 4767 1277 4814 ltem
1298 4765 1364 4816 ven.
1385 4767 1411 4816 1.
1430 4765 1523 4816 ottob.
1543 4763 1595 4815 Gn.
1616 4766 1643 4815 1.

319 4837 403 4888 *1.111
423 4839 456 4887 tte
468 4849 527 4888 eum
547 4835 592 4900 ¹⁴8·
608 4835 653 4886 20.
673 4839 699 4887 et
712 4833 779 4885 ltdd.
793 4834 926 4897 ptertrque
938 4834 970 4884 11.
986 4859 1016 4872 -
1036 4833 1080 4885 30.
1096 4833 1247 4896 probantur
1265 4834 1323 4886 ltbrt
1337 4841 1364 4886 et
1374 4836 1408 4887 a.
1429 4836 1546 4888 Correrlt
1559 4836 1643 4892 ltro:

209 4904 212 4912 “
320 4907 384 4958 lllud
400 4907 522 4970 prauum
531 4905 620 4958 Peter.
635 4928 666 4943 -
680 4903 724 4956 31.
738 4906 771 4957 V.
786 4905 936 4956 odotem
948 4903 1076 4957 suadente
1089 4904 1259 4970 Bernhardyo
1270 4905 1378 4957 rectustt
1388 4906 1503 4959 Ellendt.
1517 4929 1549 4942 -
1561 4907 1605 4958 ³5.
1619 4908 1646 4954 et

321 4983 382 5031 aute
400 4991 425 5028 r.
444 4979 543 5044 taeenti
561 4990 621 5030 cunr
639 4975 692 5026 en.
712 4977 739 5027 1.
758 4977 786 5026 3.
804 4974 899 5029 Drerd.
919 4977 1044 5038 expunxit
1062 4974 1149 5026 Peter.
1168 4999 1198 5012 -
1218 4975 1262 5027 33.
1281 4977 1397 5028 ducebat
1409 4977 1502 5029 hamb.
1516 4979 1643 5039 ruspteto.

320 5074 354 5085 —
373 5050 526 5100 wmdtntto
545 5059 605 5100 cum
620 5048 645 5098 H
655 5047 712 5100 rota
724 5046 919 5112 Bernhardyur.
933 5071 967 5082 —
983 5045 1139 5110 culorum,
1157 5051 1268 5112 aretque
1285 5049 1417 5100 ndstrtetn
1431 5061 1462 5101 er
1474 5050 1529 5100 ruts
1539 5046 1644 5098 DEFH.

320 5119 410 5174 Peter.
425 5145 453 5158 -
473 5119 519 5172 11.
538 5123 677 5172 somnust
689 5117 745 5192 hq-¹
755 5123 859 5182 praeter
870 5116 916 5168 111.
928 5115 994 5181 ott,
1013 5119 1077 5169 rtem
1095 5115 1163 5169 Vsu.
1177 5118 1203 5169 1.
1225 5118 1282 5172 vat.
1298 5117 1408 5172 Octobr
1428 5123 1597 5173 remeaverat
1610 5117 1643 5170 11.
