3746 5850
319 458 383 526 sse
720 448 951 522 onerosus
972 447 1235 534 strumosus

317 617 466 690 defensor
477 613 683 686 iracundiam.
725 615 776 685 66.
796 609 998 679 Enumeratio
1013 610 1213 699 reliquam,
1236 628 1459 698 nonnunquam
1474 607 1640 690 laudatori,

317 715 438 782 suasori
459 733 523 781 non
544 731 657 798 saepe,
678 707 853 776 accusatori
874 705 998 793 saepius
1020 726 1116 792 quam
1136 725 1193 772 reo
1215 707 1403 774 necessaria.
1449 708 1550 774 liuius
1571 707 1641 792 ipsa

316 818 463 895 tempora
483 811 547 874 duo
568 812 661 883 suut,
684 805 711 869 si
733 811 788 870 aut
807 802 980 870 memoriae
998 799 1120 868 diffidas
1135 819 1261 876 eornm,
1284 803 1368 888 apud
1382 821 1462 889 quos
1476 822 1566 887 agas,
1588 804 1641 869 vol

315 904 481 973 intervallo
502 902 654 988 temporis
675 898 726 965 vel
746 897 941 984 longitndine
962 895 1130 971 orationis,
1152 903 1206 964 aut
1219 893 1424 985 frequentatis
1437 893 1641 965 firmamentis

294 998 469 1067 curationis
491 1005 522 1064 et
542 995 683 1062 breviter
704 993 856 1081 expositis
877 991 943 1060 vim
964 1001 1012 1058 est
1031 992 1178 1058 habitura
1200 1011 1293 1058 causa
1314 993 1478 1060 maiorem.
1522 995 1572 1062 66.
1600 995 1642 1060 Et

314 1113 373 1162 res
394 1090 498 1160 rarius
520 1088 672 1158 utendum
694 1096 758 1166 est,
781 1086 868 1174 qnod
886 1085 1031 1174 ponenda
1044 1094 1118 1154 sunt
1131 1086 1305 1164 contraria,
1328 1108 1462 1176 quorum
1477 1087 1640 1156 dissolutio

314 1191 349 1259 in
376 1191 531 1256 brevitate
562 1205 627 1252 non
654 1182 791 1262 lucebit,
825 1183 926 1250 aculei
959 1191 1111 1267 pungent.
1157 1184 1220 1248 Sed
1251 1183 1311 1249 erit
1339 1184 1372 1248 iu
1403 1187 1642 1251 enumeratione

315 1285 497 1360 vitandum,
532 1303 572 1347 ne
601 1279 768 1348 ostentatio
795 1277 967 1345 memoriae
994 1284 1140 1364 suscepta
1159 1279 1306 1344 videatur
1327 1298 1395 1344 esse
1416 1278 1560 1363 puerilis.
1604 1278 1642 1346 ld

317 1378 466 1463 effugiet,
501 1374 557 1465 qni
585 1395 650 1442 non
680 1376 788 1442 omnia
811 1373 940 1440 minima
968 1381 1107 1457 repetet,
1141 1375 1198 1439 sed
1224 1375 1315 1441 brevi
1344 1373 1465 1460 singula
1486 1373 1641 1460 attingens

276 1476 457 1562 repondere
477 1493 586 1539 rerum
607 1474 676 1556 ipsa
697 1469 952 1557 comprehendet.
980 1509 994 1518 -

398 1570 516 1637 lllllll.
540 1571 592 1635 61.
618 1570 701 1636 (1.1.
726 1565 885 1645 Quoniam
905 1573 938 1632 et
958 1568 998 1631 de
1019 1564 1089 1652 ipso
1112 1572 1240 1631 oratoru
1263 1572 1295 1631 et
1309 1568 1349 1632 de
1363 1564 1504 1634 oratione
1519 1565 1639 1646 dixisti,

316 1683 440 1748 expone
468 1683 542 1729 eum
567 1660 645 1729 mibi
667 1682 765 1738 nunc,
800 1682 895 1748 quem
918 1658 1081 1728 extribus
1104 1667 1280 1726 extremum
1299 1661 1512 1745 proposuisti,
1545 1683 1642 1748 quae-

315 1760 428 1826 stionis
459 1760 575 1824 locum.
620 1759 655 1825 C.
678 1759 714 1822 P.
744 1761 816 1824 Duo
843 1765 930 1831 sunt,
962 1763 999 1821 ut
1026 1756 1114 1822 initio
1144 1754 1225 1830 dixi,
1259 1755 1476 1841 quaestionum
1503 1778 1638 1843 genera,

315 1874 452 1941 quonam
473 1855 606 1921 alterum
626 1851 748 1919 finitum
770 1849 966 1940 temporibus
987 1857 1019 1916 et
1031 1851 1173 1938 personis
1195 1871 1318 1916 66666
1341 1850 1486 1935 appello,
1508 1851 1641 1918 alterurn

278 1947 471 2016 asinfinitum
499 1947 592 2015 nullis
623 1967 728 2036 neque
752 1945 896 2033 personis
924 1965 1027 2033 neque
1055 1945 1249 2032 temporibus
1277 1953 1418 2013 notatum
1443 1948 1641 2032 propositum

316 2065 409 2112 voco.
455 2042 519 2110 Sed
541 2051 590 2110 est
607 2043 808 2127 propositum
823 2042 914 2130 quasi
927 2039 1023 2108 latior
1036 2061 1109 2128 pars
1123 2059 1234 2106 causae
1248 2039 1414 2128 quaedam.
1458 2045 1543 2107 lnost
1557 2043 1641 2107 enim

316 2137 473 2204 inlinitum
493 2139 527 2204 in
548 2134 677 2204 definito
701 2142 732 2201 et
762 2135 803 2203 ad
828 2135 907 2202 illud
934 2143 1037 2202 mmen
1065 2136 1247 2204 referuntur
1276 2135 1390 2204 omnia.
1444 2139 1494 2203 62.
1524 2137 1641 2215 Quam·

191 2228 192 2233 ’
318 2236 428 2300 obrem
450 2231 537 2320 prius
558 2230 598 2298 de
624 2230 792 2319 proposito
815 2228 971 2298 dicamus:
1005 2230 1095 2298 cuius
1116 2250 1233 2318 genera
1254 2239 1326 2298 sunt
1347 2235 1429 2307 dno,
1450 2229 1637 2316 cognitionis

317 2331 469 2407 alterum3
492 2325 561 2394 eins
583 2329 713 2394 scientia
735 2323 885 2404 residuis,
908 2334 955 2404 ut,
978 2327 1087 2392 verino
1109 2328 1172 2392 sint
1192 2347 1318 2393 sensus:
1342 2325 1475 2393 alterum
1489 2327 1638 2404 actionis;

278 2421 404 2511 acquod
423 2423 560 2489 refcmur
580 2419 621 2488 ad
642 2419 840 2488 efficiendum
860 2420 951 2508 quid,
972 2430 1023 2497 ut,
1045 2420 1073 2488 si
1087 2429 1273 2508 quaeretur,
1295 2422 1411 2510 quibus
1432 2420 1543 2488 officiis
1565 2417 1642 2488 ami·

316 2521 390 2585 uitia
413 2517 544 2584 colenda
567 2515 618 2584 sit.
661 2521 780 2584 Rursus
809 2516 980 2604 superioris
1008 2537 1123 2602 genera
1152 2525 1224 2582 sunt
1244 2521 1318 2584 tria:
1354 2517 1395 2583 sit
1415 2536 1529 2595 necne,
1563 2522 1641 2605 qnid

316 2617 372 2691 sit,
395 2612 486 2702 quale
509 2611 560 2678 sit.
606 2611 654 2677 Sit
674 2631 789 2678 necne:
803 2619 866 2705 qut!
889 2610 937 2678 ius
958 2614 991 2677 in
1012 2618 1163 2679 naturane
1185 2614 1226 2678 sit
1248 2633 1288 2676 an
1308 2613 1342 2676 in
1363 2631 1470 2692 more;
1491 2611 1566 2699 quid
1585 2635 1642 2679 au·

317 2717 383 2776 tcm
404 2708 460 2784 sit,
484 2706 546 2775 sic:
569 2708 651 2774 sitne
672 2709 723 2773 ius
744 2706 794 2783 id,
818 2710 904 2792 quod
925 2708 1038 2774 maiori
1058 2706 1141 2791 parti
1163 2710 1203 2773 sit
1222 2706 1315 2786 utile3
1339 2705 1432 2794 quale
1454 2714 1559 2774 antem
1580 2710 1639 2787 sit,

317 2806 378 2872 sic:
411 2805 492 2870 iuste
514 2803 623 2870 msere
645 2804 686 2868 sit
705 2823 805 2868 necne
826 2802 915 2868 utile.
961 2804 1013 2867 63.
1046 2801 1185 2868 Actionis
1206 2809 1309 2868 autem
1333 2805 1395 2868 duo
1417 2809 1490 2868 snut
1510 2822 1639 2888 genera:

279 2921 432 2976 manum,
455 2897 494 2966 ad
514 2900 769 2984 persequendum
791 2895 910 2985 aliquid
932 2905 986 2962 aut
1007 2899 1239 2971 declinandum,
1261 2905 1313 2974 ut,
1335 2895 1448 2982 quibus
1466 2900 1560 2963 rebus
1574 2897 1641 2964 adi·

316 2994 397 3081 pisci
431 2991 563 3077 gloriam
591 2995 694 3079 possis
724 3000 779 3058 aut
807 2990 967 3080 quomodo
996 2991 1115 3058 invidia
1142 2990 1273 3072 vitetur3
1308 2991 1459 3068 alterum,
1493 2995 1578 3078 quod
1599 2994 1640 3058 ad

318 3089 448 3174 aliquod
475 3090 677 3153 commodum
704 3107 859 3173 usumque
885 3086 1040 3163 refertur,
1076 3095 1130 3165 ut,
1163 3088 1428 3174 quemadmodum
1450 3085 1491 3152 sit
1509 3108 1562 3152 res
1582 3107 1641 3175 pu-

316 3182 399 3249 blica
429 3181 675 3250 administranda
703 3191 758 3248 aut
790 3185 1056 3268 quemadmodum
1085 3182 1117 3247 in
1147 3189 1330 3267 paupertate
1359 3181 1539 3248 vivendum.
1584 3182 1637 3247 et.

316 3281 435 3344 Rursus
456 3283 561 3343 autem
585 3300 625 3344 ex
646 3277 835 3362 cognitionis
857 3277 1100 3352 consultatione,
1127 3277 1201 3354 ubi,
1231 3277 1271 3343 sit
1290 3296 1389 3344 necne
1410 3277 1451 3341 sit
1470 3284 1525 3343 aut
1544 3276 1641 3344 fuerit

281 3374 497 3438 soluturumve
519 3374 578 3450 sit,
602 3374 782 3460 quaeritur,
812 3393 910 3438 nuum
932 3393 1031 3456 genus
1053 3379 1101 3438 est
1122 3371 1329 3459 quaestionis.
1359 3370 1498 3456 possitne
1519 3370 1639 3458 aliquid

318 3465 418 3544 effici,
446 3474 496 3543 ut,
524 3489 597 3534 curn
620 3465 796 3554 quaeritur,
824 3469 1003 3554 ecquisnam
1025 3465 1164 3554 perfecte
1185 3469 1307 3553 sapiens
1330 3487 1399 3532 csse
1419 3465 1534 3552 possit;
1565 3465 1641 3532 alte-

316 3583 408 3641 rum,
444 3561 708 3650 quemadmodum
731 3563 869 3650 quidque
891 3559 961 3638 liat,
997 3570 1050 3639 ut,
1086 3582 1222 3649 quonam
1243 3569 1336 3646 pacto
1357 3563 1455 3628 virtus
1476 3562 1638 3648 pariatur,

316 3665 468 3725 naturane
488 3679 529 3724 an
551 3656 672 3724 ratione
695 3678 735 3723 an
756 3677 829 3723 usu.
876 3656 971 3724 Cuius
993 3656 1118 3742 generis
1139 3664 1212 3723 suut
1234 3677 1354 3733 omues,
1389 3655 1574 3742 inquibus,
1604 3663 1641 3721 ut

316 3751 351 3818 in
365 3753 509 3820 obscuris
522 3750 779 3837 naturalibusque
794 3750 1050 3840 quaestionibus,
1073 3772 1185 3818 causae
1205 3753 1404 3838 rationesque
1418 3771 1523 3818 rerum
1539 3749 1640 3837 expli-

161 3865 172 3935 j
278 3854 436 3930 secantur.
479 3849 567 3914 XIX.
591 3850 643 3913 65.
676 3847 763 3914 Illius
791 3854 895 3913 antem
925 3849 1068 3931 generis,
1103 3850 1137 3913 iu
1159 3865 1240 3933 quo,
1276 3848 1351 3933 quid
1372 3845 1412 3913 sit
1431 3847 1480 3923 id,
1513 3847 1639 3931 dequo

317 3941 439 4028 agitur,
463 3943 637 4028 quaeritur,
660 3944 724 4007 duo
746 3949 820 4007 sunt
838 3961 969 4027 genera:
996 3963 1131 4030 quorum
1152 3943 1185 4006 in
1207 3941 1307 4008 altero
1328 3939 1547 4026 disputandum
1571 3947 1636 4031 qst,

317 4036 402 4104 aliud
424 4058 465 4102 au
486 4039 571 4104 idern
593 4036 651 4114 sit,
674 4044 724 4112 ut,
778 4036 925 4104 ertiuacia
947 4044 979 4103 et
999 4039 1263 4122 perseverantias
1282 4035 1314 4102 in
1337 4036 1436 4102 altero
1457 4042 1559 4101 autem
1572 4027 1639 4128 lde-

158 4157 201 4210 ς.
316 4132 448 4219 scriptio
470 4132 594 4218 generis
616 4056 801 4240 alicula-sset
822 4131 912 4218 quasi
932 4131 1036 4217 imago
1058 4126 1114 4235 ffel
1141 4133 1363 4217 exprimenda,
1393 4139 1444 4208 ut,
1477 4129 1639 4216 qualii'sit

385 4295 413 4346 2.
432 4296 492 4358 ipso
509 4299 630 4356 temporo
647 4293 689 4352 R,
715 4293 816 4344 Aldus:
844 4299 965 4358 temporo
993 4290 1056 4358 (orn.
1080 4290 1149 4357 ipro)
1167 4292 1209 4352 V,
1241 4292 1350 4352 1666..
1378 4291 1408 4342 ll.
1430 4315 1460 4327 -
1491 4292 1518 4342 6.
1537 4288 1584 4355 est]
1603 4293 1638 4341 stt

317 4365 411 4420 Lamb.
430 4390 464 4402 ·-
490 4363 517 4414 7.
537 4377 593 4414 sco
611 4363 704 4415 luerim
723 4364 763 4423 Y,
784 4364 868 4416 oron.
888 4365 970 4416 alters
989 4365 1082 4416 locabit
1101 4367 1165 4429 (om.
1184 4363 1249 4424 nco)
1268 4364 1332 4423 RV,
1352 4362 1437 4414 Onon.
1457 4363 1538 4422 altar,
1558 4362 1589 4413 11.
1605 4386 1637 4399 -

316 4439 343 4490 9.
363 4437 435 4490 brata
452 4436 607 4488 Manutius:
635 4435 725 4486 brevio
743 4434 808 4496 th,
837 4430 1504 4497 666666666161666661.(1)ο1166611666.)
1530 4458 1559 4470 -
1592 4432 1635 4482 11.

316 4505 435 4572 cautam]
455 4507 660 4559 coutrocsrrtom
678 4519 785 4556 cnusom
803 4505 843 4561 R,
863 4518 973 4557 cossam
991 4509 1198 4557 controuersiam
1215 4505 1248 4556 V.
1269 4507 1313 4563 (Ut
1331 4517 1395 4564 nos,
1410 4505 1454 4560 Y.)
1472 4529 1504 4540 -
1524 4502 1567 4553 16.
1587 4502 1638 4555 Sed

316 4588 355 4633 sat
371 4581 538 4644 propositum
555 4577 634 4642 quast
649 4577 732 4628 lottor
748 4589 815 4639 pars
833 4589 929 4628 causor
947 4575 1085 4641 quosdam]
1108 4577 1152 4628 Stc
1165 4588 1323 4638 componere
1342 4582 1451 4627 conatus
1470 4585 1527 4625 sum
1546 4575 1636 4626 turbas

317 4650 402 4703 6666.
418 4658 445 4702 οι
457 4649 526 4699 1166.
564 4647 615 4699 sod
625 4653 664 4698 ast
673 4648 832 4698 occultatis
843 4651 995 4713 qoosspors
1008 4660 1105 4698 cousus
1115 4649 1279 4713 quaedamst
1288 4648 1480 4699 controuersias
1492 4645 1555 4702 llll.
1575 4648 1637 4696 ttem

316 4722 362 4781 V„
377 4721 423 4774 sed
438 4733 490 4771 om.
501 4724 534 4771 st.
571 4717 621 4770 Sed
633 4721 670 4768 sat
681 4720 848 4783 propositum
860 4719 942 4770 latius
955 4721 1031 4784 quusi
1042 4733 1107 4783 pora
1120 4733 1150 4772 er
1163 4718 1185 4768 Y
1199 4719 1274 4769 altera
1285 4720 1398 4774 Brutus.
1417 4716 1463 4767 aad
1473 4717 1639 4780 propositum

316 4791 398 4843 latior
414 4805 481 4855 pars
498 4791 690 4842 comessaretur
708 4803 786 4854 quom
804 4802 900 4842 muros
917 4790 1001 4842 Palat.
1022 4794 1148 4852 qumans:
1169 4789 1212 4840 altt
1232 4789 1349 4855 dentque
1367 4788 1452 4839 aliter.
1473 4811 1505 4822 -
1532 4787 1576 4836 20.
1596 4787 1637 4849 fo-

316 4863 436 4913 cirndsm
454 4861 486 4912 Y.
506 4885 539 4900 ·-
557 4873 716 4924 quaeramus
733 4862 767 4912 11.
787 4883 819 4900 ·-
837 4860 881 4910 st.
900 4862 1048 4914 recussit,
1068 4862 1132 4925 quid
1150 4859 1243 4911 Lamb.
1264 4885 1292 4898 -
1318 4859 1363 4910 66.
1381 4871 1460 4909 messe
1477 4859 1532 4908 ait:
1551 4862 1581 4906 ut
1601 4859 1636 4918 lt,

316 4931 410 4984 bamb.
431 4957 463 4970 -·
481 4935 511 4984 s'o
527 4937 663 4982 naturane
681 4930 704 4982 V
720 4933 837 4996 alttqner
856 4933 886 4982 aa
901 4937 1002 4984 acturo
1019 4931 1074 4982 Rll.
1097 4955 1125 4968 ·-
1153 4929 1197 4980 63.
1217 4932 1266 4987 att,
1286 4932 1344 4981 sic:
1370 4931 1439 4979 sitne
1455 4951 1466 4964 ·
1483 4953 1495 4966 ·
1513 4930 1563 4989 rit,
1581 4930 1636 4979 sir.-

317 5004 386 5054 iusts
403 5002 451 5054 ltd.
471 5002 538 5054 Van.
565 5010 592 5054 et
613 5003 651 5052 sio
675 5004 817 5067 utrobique
836 5007 953 5066 agnoscit
969 5004 1006 5063 V,
1034 5005 1083 5053 stst
1102 5005 1237 5065 ceteroqui
1258 5006 1411 5065 corruptus:
1433 5002 1483 5051 stt:
1512 5000 1579 5048 sitm
1595 5021 1608 5034 ·
1624 5023 1636 5036 ·

317 5075 370 5124 rit:
389 5073 456 5124 iusta
474 5071 518 5138 (11)
537 5073 569 5124 Ε.
593 5097 619 5109 -
646 5072 691 5123 2¹1.
710 5073 845 5139 cosmetur
861 5072 919 5127 RV.
940 5099 970 5113 -
1000 5073 1045 5126 66.
1064 5069 1107 5138 scs]
1126 5074 1155 5123 io
1172 5072 1264 5123 Lamb.
1285 5097 1313 5111 -
1346 5070 1390 5122 66.
1411 5076 1448 5122 sat
1465 5069 1636 5135 mussando

317 5142 382 5199 lile
400 5143 575 5210 6666166666
593 5146 632 5198 sat
648 5143 680 5197 ll.
