3720 5840
662 414 739 483 LiB.
764 415 818 480 iv.
865 412 900 479 c.
927 415 977 480 io.
1005 416 1055 482 11.
1081 416 1132 480 aa.
1424 483 1427 498 ,
1520 417 1562 483 m

238 575 301 656 Qui
331 575 363 638 in
393 571 550 640 mediocre
580 593 677 658 genus
710 575 861 640 orationis
892 573 1025 661 proiecti
1060 581 1158 652 sunt,¹
1191 575 1216 640 si
1248 575 1415 662 pervenire
1437 595 1475 642 oo
1498 599 1564 642 non

154 667 158 675 ’
237 675 427 756 potuerunt,
453 665 592 733 errantes
613 667 799 753 perveniunt
820 671 859 735 ad
882 668 1051 735 confinium
1074 672 1141 735 eius
1164 673 1311 754 gatteria,
1350 674 1435 757 quod
1457 671 1562 757 appel-

236 767 337 834 lamus
361 761 524 848 [lluctuans
547 761 588 846 et]
613 763 817 840 dissolutum,
842 785 881 830 eo
904 768 990 849 quod
1012 767 1079 830 sine
1101 767 1205 829 nervis
1228 773 1260 830 et
1280 765 1420 831 articulis
1436 769 1564 832 tluctuat

236 861 298 928 buc
319 866 351 924 et
371 857 444 923 illuc
465 879 524 922 nec
546 867 653 941 potest
673 856 854 924 confirmate
876 881 979 945 neque
1001 860 1133 925 viriliter
1159 881 1229 948 sese
1250 859 1411 944 expedire.
1457 853 1493 925 ld
1516 869 1565 926 est

237 956 439 1022 huiusmodi:
476 955 560 1018 Socii
592 955 691 1018 nostri
723 976 794 1018 cum
823 954 1009 1040 belligerare
1041 953 1205 1019 nobiscum
1241 954 1377 1031 vellent,
1420 952 1586 1042 proiectos

236 1049 413 1120 ratiocinati
447 1055 551 1112 esseni
584 1047 677 1112 etiam
706 1051 798 1135 atque'
822 1052 935 1126 etiam,
974 1051 1049 1134 quid
1070 1056 1199 1134 possent
1220 1048 1347 1124 lacere,
1386 1047 1413 1112 si
1436 1051 1564 1134 quidem

236 1169 293 1212 sua
315 1153 427 1231 sponte
449 1143 591 1208 lacerent
613 1151 644 1207 et
665 1163 730 1208 non
760 1145 915 1209 haberent
935 1146 1010 1209 hinc
1033 1145 1192 1209 adiutores
1215 1146 1346 1220 multos,
1378 1146 1476 1210 malos
1505 1147 1565 1225 hof

235 1243 337 1308 mines
360 1245 391 1302 et
413 1238 558 1300 audaces.
605 1238 714 1302 Solent
736 1240 819 1304 enim
843 1240 897 1303 diu
920 1241 1057 1324 cogitare
1080 1257 1211 1315 omnes,
1238 1241 1292 1326 qui
1307 1261 1421 1324 magna
1437 1242 1564 1324 negotia

235 1338 346 1401 volunt
367 1353 473 1417 agere.
518 1335 588 1396 Non
609 1339 714 1418 potest
735 1334 915 1398 huiusmodi
938 1353 1042 1398 sermo
1065 1339 1175 1398 tenere
1198 1341 1350 1399 attentum
1366 1337 1562 1412 auditorem;

236 1429 351 1496 diffluit
383 1430 467 1492 enim
507 1435 592 1492 totus
611 1447 729 1515 neque
770 1430 940 1516 quidquam
972 1428 1243 1512 comprehendens
1278 1427 1425 1514 perlectis
1458 1431 1602 1495 verbism

236 1524 444 1611 amplectitur.
491 1523 553 1600 Qui
574 1542 638 1587 non
660 1531 793 1609 possunt
814 1523 847 1585 in
870 1523 925 1585 illa
946 1520 1134 1586 facetissima
1157 1524 1327 1588 verborum
1349 1526 1563 1589 attenuatione

236 1620 401 1686 commode
416 1619 554 1691 versari,
578 1617 708 1682 veniunt
729 1621 767 1682 ad
791 1618 970 1681 midumai
992 1637 1149 1700 exsangue
1164 1639 1263 1700 genus
1279 1620 1450 1694 orationis,
1477 1621 1563 1703 quod

235 1734 300 1779 non
331 1713 467 1776 alienum
500 1717 548 1774 est
579 1713 661 1775 exile
694 1712 869 1785 nominari,
909 1713 1084 1775 cuiusmodi
1118 1720 1166 1775 est
1197 1715 1280 1776 hoc:
1318 1716 1396 1776 Nam
1429 1711 1500 1777 istic'
1530 1715 1564 1776 in

235 1807 356 1876 balneis
379 1804 533 1882 accessit;
568 1808 713 1870 adhunc
736 1814 845 1891 postea
872 1809 968 1883 dicit,
1006 1808 1064 1870 Hic
1093 1814 1164 1870 tuus
1196 1829 1304 1871 servus
1338 1829 1386 1870 me
1415 1809 1560 1892 pulsavit.

236 1907 348 1969 Postea
372 1903 447 1965 dicit
468 1902 520 1964 hic
544 1903 606 1975 illi,
644 1902 869 1966 Considerabo.
915 1904 989 1966 Post
1019 1902 1071 1966 ille
1101 1904 1276 1966 convicium
1307 1904 1383 1967 lecit
1411 1910 1443 1966 et
1465 1905 1599 1988 magico

236 2000 397 2084 magisque
430 1998 648 2082 praesentibus
680 1997 785 2060 multis
817 1997 973 2060 clamavit.
1028 1994 1171 2061 Frivolus
1205 1998 1257 2061 hic
1290 1999 1416 2083 quidem
1446 1999 1507 2062 iam
1532 2007 1564 2062 et

236 2093 400 2160 illiberalis
430 2099 478 2154 est
508 2110 622 2156 sermo.
673 2093 741 2154 Non
776 2091 858 2154 enim
882 2092 1014 2176 adeptus
1037 2086 1155 2166 estid,
1181 2093 1266 2177 quod
1288 2093 1385 2156 habet
1406 2100 1562 2156 attenuata

235 2190 355 2272 figura,
395 2187 482 2271 puris
512 2187 616 2248 verbis
650 2193 682 2249 et
712 2184 820 2249 electis
850 2185 1054 2270 compositam
1088 2185 1276 2251 orationem.
1334 2189 1434 2251 Omne
1465 2208 1563 2270 genus

236 2282 386 2348 orationis
417 2288 449 2345 et
478 2300 571 2363 grave
599 2287 632 2344 et
660 2281 819 2344 mediocre
842 2288 874 2344 ct
896 2289 1088 2344 attenuatum
1114 2280 1264 2364 dignitate
1299 2279 1439 2344 alliciunt
1471 2301 1564 2345 exor-

235 2377 398 2447 nationes,
423 2376 462 2437 de
486 2375 598 2458 quibus
621 2381 692 2458 post
715 2375 897 2458 loquemur;
932 2394 1012 2460 quae
1036 2376 1062 2437 si
1086 2395 1176 2438 rarae
1200 2376 1428 2459 disponentur,
1454 2377 1563 2440 distin·
1572 2391 1600 2432 m

236 2480 315 2536 ctam
340 2467 430 2532 sicuti
453 2467 629 2543 coloribus,
654 2469 679 2531 si
703 2470 835 2531 crebrae
859 2469 1114 2542 collocabuntur,
1140 2469 1270 2532 oblitam
1293 2470 1426 2532 reddent
1446 2471 1562 2533 oratio-

235 2587 319 2631 nem.
367 2565 428 2626 Sed
451 2559 580 2646 liguram
604 2565 636 2625 in
660 2564 794 2626 dicendo
819 2564 1005 2628 commutari
1021 2571 1162 2646 oportet,
1188 2570 1222 2625 ut
1236 2583 1364 2646 gravem
1381 2565 1560 2637 mediocris,

236 2660 427 2726 mediocrem
451 2659 585 2742 excipiat
608 2666 776 2721 attenuata.
821 2656 942 2720 Deinde
962 2656 1133 2721 identidem
1148 2666 1396 2733 commutentur,
1422 2659 1561 2722 utlacile

236 2757 362 2820 satietas
384 2753 535 2816 varietate
558 2753 682 2816 vitetur.
714 2752 718 2767 '

318 2848 391 2911 llll.
429 2849 479 2910 17.
516 2847 690 2923 Quoniam,
724 2843 837 2930 quibus
868 2846 900 2906 in
932 2843 1101 2928 generibus
1130 2844 1267 2908 elocutio
1290 2846 1409 2909 versari
1432 2848 1598 2920 debeatis

236 2944 440 3016 dictumest,
465 2941 627 3004 videamus
652 2961 752 3014 nunc,
785 2959 861 3024 quas
884 2959 934 3002 res
958 2936 1071 3004 debeat
1092 2939 1212 3024 habere
1236 2940 1374 3004 elocutio
1397 2943 1562 3005 commoda

236 3049 267 3103 et
298 3034 446 3124 perlecta.
504 3036 592 3113 Quae
626 3036 759 3099 maxime
785 3035 953 3096 admodum
984 3035 1101 3098 oratori
1130 3037 1363 3098 accommodata
1395 3043 1464 3110 est,
1500 3045 1561 3100 tres

235 3153 286 3198 res
309 3133 340 3194 in
365 3151 398 3194 se
421 3132 516 3195 debet
538 3132 670 3202 habere,
696 3131 906 3212 elegantiam,
933 3130 1216 3213 compositionem,
1242 3131 1436 3213 dignitatem.
1489 3131 1562 3194 Ele-

236 3228 336 3312 gantia
361 3233 427 3301 est,
462 3246 542 3311 quae
566 3224 654 3296 lacit,
691 3233 725 3288 ut
747 3243 843 3287 unum
867 3224 1015 3306 quodque
1038 3241 1115 3306 pure
1139 3232 1170 3287 et
1192 3231 1299 3308 aperte
1323 3221 1382 3286 dici
1406 3222 1559 3288 videatur.

235 3324 321 3386 llaec
345 3321 542 3384 distribuitur
562 3319 594 3383 in
617 3321 801 3384 latinitatem
831 3325 863 3382 et
893 3318 1158 3402 explanationem.
1205 3321 1354 3382 Latinitas
1378 3327 1445 3394 est,
1481 3333 1599 3403 quaem

236 3435 413 3480 sermonem
437 3433 549 3502 purum
574 3423 758 3490 conservat,
783 3415 822 3476 ab
847 3413 933 3474 omni
949 3413 1025 3476 vitio
1040 3421 1208 3479 remotum.
1253 3414 1335 3476 Vitia
1353 3415 1386 3476 in
1401 3432 1559 3489 sermone,

236 3529 299 3596 quo
323 3511 424 3573 minus
447 3511 474 3573 is
496 3509 610 3574 latinus
633 3509 690 3582 sit,
714 3511 778 3572 duo
800 3515 931 3594 possunt
952 3528 1044 3581 esse,
1069 3509 1273 3572 soloecismus
1289 3515 1319 3571 et
1334 3506 1559 3572 barbarismus.

237 3604 449 3668 Soloecismus
481 3612 551 3678 est,
588 3624 659 3667 cum
688 3604 721 3665 in
743 3600 847 3666 verbis
868 3603 1012 3687 pluribus
1035 3621 1231 3688 consequens
1253 3600 1384 3666 verbum
1406 3599 1561 3686 superiori

234 3718 300 3761 non
330 3700 598 3762 accommodatur.
656 3697 872 3760 Barbarismus
909 3703 974 3765 est,
1009 3716 1080 3760 cum
1117 3695 1247 3761 verbum
1288 3694 1414 3782 aliquod
1449 3697 1561 3760 vitiose

236 3789 375 3861 effertur.
421 3793 506 3855 llaec
529 3811 591 3876 qua
613 3792 733 3856 rationo
756 3790 854 3854 vitare
878 3789 1055 3872 possimus,
1081 3793 1112 3853 in
1128 3799 1195 3854 arto
1211 3791 1409 3876 grammatica
1424 3791 1598 3854 dilucidem

236 3887 386 3950 dicemus.
430 3887 614 3971 Explanatio
638 3893 700 3957 est,
735 3905 816 3970 quac
832 3884 942 3968 reddit
964 3892 1104 3965 apertam
1129 3893 1160 3949 et
1183 3887 1350 3950 dilucidam
1374 3885 1561 3956 orationem,

235 3983 282 4046 Ea
303 3989 501 4067 comparatur
523 3982 643 4045 duabus
666 3981 783 4055 rebus,
819 3977 939 4041 usitatis
969 3979 1073 4042 verbis
1106 3984 1138 4042 et
1159 3979 1308 4064 propriis.
1353 3981 1468 4044 Usitata
1491 3985 1561 4043 sunt

305 4173 331 4222 2.
350 4174 385 4222 od
403 4172 547 4236 confinium
563 4172 619 4222 mus
639 4175 739 4234 pencris
758 4171 813 4220 tiri.
834 4169 927 4220 Dutsb.
949 4177 974 4218 ei
993 4183 1060 4218 corr.
1074 4169 1109 4218 1³:
1129 4170 1167 4218 cd
1185 4171 1327 4234 confinium
1344 4183 1427 4234 aanor
1444 4172 1501 4218 aies
1518 4181 1561 4232 qa·

235 4245 306 4293 neris
325 4257 364 4306 pr.
385 4244 418 4297 l‘,
439 4245 474 4292 ud
492 4243 593 4308 corrfinc
611 4243 666 4292 cias
685 4245 787 4306 penaria
806 4241 843 4297 B.
868 4241 905 4290 cd
922 4241 1020 4304 confimo
1040 4253 1122 4302 panas
1141 4237 1194 4289 sici
1211 4242 1312 4306 perceris
1324 4240 1430 4295 AFTE,
1452 4242 1487 4289 od
1501 4254 1561 4288 con·

235 4315 286 4380 fias
302 4327 383 4379 penus
401 4316 512 4362 eiusdem
530 4314 630 4378 pencris
649 4314 680 4363 lt.
706 4338 730 4346 -
752 4314 777 4360 3.
799 4313 845 4361 Vr.
865 4311 1000 4377 fluctuans
1013 4320 1037 4359 ei
1051 4324 1104 4360 om.
1118 4310 1200 4361 Patri.
1214 4311 1317 4360 Febris.
1339 4319 1365 4359 et
1379 4317 1430 4361 tres
1444 4310 1558 4360 Graevii.

236 4411 262 4422 ·-
290 4385 336 4434 vv.
356 4393 379 4433 ct
397 4385 551 4434 dissolutam
570 4397 622 4432 cnr.
639 4383 712 4432 ait.
749 4383 803 4435 Nos
824 4387 909 4443 priora
930 4384 1103 4443 seclusimus,
1136 4386 1195 4444 quta
1222 4383 1291 4431 idem
1319 4383 1427 4432 verbum
1448 4383 1561 4430 recurrit

236 4458 262 4506 ln
282 4455 467 4516 explicatione.
506 4455 628 4506 Ceterum
648 4454 743 4515 reliqui
764 4454 865 4512 Codd.,
894 4457 972 4504 ettam
1000 4457 1098 4508 nostri,
1129 4453 1309 4503 incredibilem
1334 4456 1361 4502 tn
1381 4455 1486 4503 modum
1507 4461 1558 4500 tur·

236 4526 307 4576 brai.
330 4553 359 4564 -
380 4527 406 4575 5.
427 4525 552 4574 eiusmodi
572 4524 691 4574 aanor.
712 4550 744 4559 -
761 4525 788 4573 7.
808 4525 867 4574 binc
886 4523 976 4573 ABFR
995 4533 1021 4574 et
1040 4536 1106 4573 corr.
1122 4523 1157 4573 P:
1177 4525 1219 4573 bid
1239 4524 1258 4574 E
1278 4537 1336 4574 eum
1356 4522 1378 4573 'l'
1398 4531 1423 4575 et
1443 4537 1510 4573 corr.
1528 4523 1557 4571 Ρ.

236 4621 266 4632 -
287 4596 328 4646 13.
348 4598 409 4646 istic
428 4595 531 4644 Pars:
551 4595 600 4646 ista
617 4595 678 4644 istic
699 4607 737 4654 pr.
752 4595 791 4649 Β.
810 4597 854 4644 itia
872 4595 931 4644 istic
951 4597 972 4643 tt
993 4603 1018 4644 ei
1037 4607 1104 4644 corr.
1120 4595 1160 4652 B,
1180 4596 1238 4643 istic
1255 4595 1297 4644 tite
1317 4594 1393 4642 11.-
1412 4596 1440 4643 in
1459 4593 1560 4643 balneis

235 4665 341 4717 snut:
361 4668 390 4716 in
408 4667 514 4717 balneos
532 4665 571 4721 lt,
592 4666 628 4714 cd
645 4665 750 4716 balaeus
769 4665 823 4714 BE.
837 4690 867 4700 -
890 4666 932 4714 15.
952 4665 996 4713 illa
1016 4665 1169 4714 PauinT:
1189 4665 1232 4713 itia
1244 4665 1302 4714 isaie
1321 4663 1399 4713 11.-
1421 4664 1464 4712 18.
1483 4664 1560 4724 puris

236 4744 260 4785 et
276 4737 362 4788 electis
381 4739 464 4787 uerbis
484 4736 579 4785 PBFT.
601 4762 632 4773 -
652 4738 695 4786 20.
717 4731 862 4800 loquemur]
883 4748 1016 4799 queremus
1034 4734 1092 4799 (sic)
1113 4736 1131 4784 F
1152 4740 1178 4787 et
1197 4749 1235 4796 pr.
1250 4737 1282 4785 Α.
1306 4759 1334 4771 -
1360 4736 1405 4784 ti.
1426 4734 1561 4798 obliquam

234 4807 380 4858 missar.
418 4807 575 4858 Emendevtt
593 4808 686 4858 nidus.
710 4833 741 4844 —
768 4805 1020 4856 remansisset.
1045 4831 1075 4841 -
1104 4807 1147 4856 2³.
1168 4805 1244 4868 [acite
1263 4807 1385 4855 Ernesiio
1405 4814 1559 4865 suspectum

236 4879 288 4928 det.
304 4879 364 4927 Son.
385 4879 411 4927 ln
433 4877 481 4927 iic.
502 4877 565 4927 mai.
586 4903 616 4913 —·
637 4879 680 4928 27.
701 4879 816 4927 mamma
834 4873 986 4938 admodum]
1005 4877 1121 4925 mammo
1137 4879 1173 4928 cd
1191 4878 1298 4926 modum
1316 4876 1432 4929 diotse'l'
1451 4878 1558 4938 utrique.

234 4952 350 4998 maxima
368 4947 404 4997 ad
422 4949 584 4998 commodum
600 4949 677 5000 Voss.
694 4949 730 4998 ll.
745 4948 792 4998 lil.
814 4946 889 4996 Laid.
905 4947 938 4993 it.
964 4954 990 4997 et
1009 4959 1044 4996 rc.
1060 4959 1126 4995 corr.
1142 4948 1177 5002 P.
1199 4949 1296 4998 deterit
1314 4949 1454 4998 admodum
1466 4947 1558 4996 Lamb.

237 5019 289 5069 Cir.
311 5019 387 5070 lland
406 5019 484 5070 Tura.
499 5019 521 5068 Ι.
543 5031 568 5080 ι).
585 5020 644 5071 171.
665 5046 697 5058 -
716 5019 832 5070 oratoris
845 5014 934 5066 Bl'llT
948 5023 975 5068 et
988 5029 1054 5066 corr.
1070 5017 1100 5067 Ρ.
1117 5043 1145 5055 -
1166 5015 1209 5069 33.
1229 5020 1257 5068 ia
1269 5031 1321 5068 om.
1336 5031 1377 5081 pr.
1390 5018 1411 5068 P
1423 5025 1449 5069 ct
1462 5015 1557 5070 Graes.

238 5115 268 5128 -
288 5088 332 5140 36.
352 5091 478 5142 discemus
497 5089 576 5141 ΛΒΤ.
