3720 5840
331 379 372 444 rs
836 380 890 444 AD
912 380 1149 446 HEltENNlUM

293 536 295 546 '
331 549 362 605 ct
383 538 553 604 maledicos
576 534 764 604 corrbuxisse
785 540 926 605 dicemus
940 547 1007 620 ;,et
1027 548 1081 607 aut
1101 542 1238 628 aliquam
1260 539 1363 607 fictam
1384 543 1524 610 fabulam
1548 543 1582 607 in
1597 544 1652 607 ad·

329 636 486 700 versarios
507 631 697 709 afferemus,
735 654 830 721 quam
861 636 1001 700 dicamus
1029 637 1176 700 omuibus
1204 636 1238 698 in
1259 656 1316 700 ore
1338 657 1429 715 esse;
1466 643 1521 701 aut
1540 659 1649 701 verum

328 750 490 794 rumorem
512 728 732 812 proferemus,
757 731 811 815 qui
833 730 894 793 illis
916 731 1034 816 aliquid
1057 731 1258 816 turpitudinis
1272 729 1403 807 afferat,
1426 752 1529 817 neque
1545 739 1649 796 tamma

330 825 360 888 ei
380 824 502 888 rumori
532 845 590 886 uos
617 821 713 888 fidem
746 824 865 889 babere
897 826 1060 903 dicemus3
1097 825 1169 888 ideo
1201 827 1286 910 quod
1307 827 1410 910 quivis
1432 826 1529 889 homo
1551 827 1650 912 possit

190 983 192 986 .
306 920 472 1006 squemvis
501 924 625 1002 turpem
656 921 695 983 de
723 921 867 1004 quolibet
896 939 1056 983 rumorem
1083 917 1227 1002 proferre
1256 926 1288 984 et
1316 919 1481 984 confictam
1510 921 1649 984 fabulam

329 1015 492 1096 dissipare.
537 1013 761 1076 Verumtamen
784 1014 811 1076 si
834 1034 942 1078 rumor
964 1014 1170 1080 vehementer
1192 1016 1367 1096 probabilis
1389 1037 1459 1080 esse
1477 1016 1647 1089 videbitur,

329 1108 576 1193 argumentando
606 1106 709 1172 famae
738 1104 833 1172 fidem
861 1110 1035 1190 poterimus
1064 1110 1231 1193 abrogare.
1288 1110 1380 1187 Quod
1411 1118 1444 1173 et
1466 1107 1650 1174 difficillima

327 1211 461 1268 tractatu
493 1210 542 1266 est
572 1203 751 1265 constitutio
782 1203 1003 1267 coniecturalis
1031 1208 1063 1266 et
1090 1204 1229 1267 iuveris
1258 1205 1359 1268 causis
1382 1205 1564 1286 saepissime
1588 1211 1650 1266 tra-

328 1303 441 1364 ctanda
469 1305 534 1373 est,
570 1318 609 1360 eo
640 1297 820 1379 diligentius
844 1318 954 1362 omues
977 1299 1044 1362 eius
1061 1304 1166 1380 partes
1189 1301 1375 1381 perscrutati
1398 1319 1521 1372 sumus,
1551 1306 1587 1360 ut
1608 1318 1649 1360 ne

290 1395 459 1478 reparvula
488 1392 615 1478 quidem
644 1392 831 1456 titubatione
862 1400 917 1455 aut
946 1391 1121 1457 offensione
1148 1394 1394 1475 impediremur,
1439 1393 1465 1457 si
1494 1395 1534 1456 ad
1568 1393 1649 1455 hauc

327 1491 483 1554 rationem
517 1487 750 1571 praeceptionis
789 1487 1003 1552 assiduitatem
1039 1489 1272 1552 exercitationis
1312 1488 1649 1552 accommodassemus.

326 1586 383 1650 lx.
410 1586 461 1648 13.
487 1586 576 1648 Nunc
598 1583 638 1645 ad
662 1582 820 1664 legitimae
849 1583 1080 1646 constitutionis
1110 1590 1213 1665 partes
1241 1590 1448 1646 transeamus.
1494 1583 1571 1646 Qum
1595 1600 1650 1644 vo-

325 1683 429 1746 luntas
453 1679 615 1761 scriptoris
641 1696 713 1740 curn
736 1677 852 1759 scripto
877 1677 1030 1740 dissidere
1053 1677 1230 1752 videbitur,
1262 1678 1289 1740 si
1311 1697 1330 1740 a
1353 1679 1471 1758 scripto
1495 1675 1647 1748 dicemus,

325 1777 376 1840 his
399 1776 477 1840 locis
500 1782 627 1839 utemur
648 1774 821 1836 secundum
843 1772 1073 1837 narrationem:
1099 1773 1235 1854 primum
1259 1772 1420 1854 scriptoris
1445 1768 1650 1834 collaudatio-

289 1885 383 1948 1⁵ne3
418 1869 533 1934 deiude
557 1867 664 1949 scripti
687 1867 892 1943 recitatioue;
928 1866 1042 1930 deinde
1064 1867 1318 1947 percontatione,
1353 1866 1509 1929 scirentne
1539 1865 1650 1927 adver-

327 1965 400 2030 sarii
422 1965 455 2027 id
469 1964 629 2045 ‘scriptum
652 1961 749 2026 fuisse
772 1962 804 2024 in
825 1962 896 2044 lege
913 1968 966 2024 aut
990 1961 1022 2022 in
1039 1968 1226 2023 testamento
1245 1969 1299 2023 aut
1321 1962 1353 2023 in
1374 1959 1575 2042 stipulatione
1596 1964 1650 2020 aut

325 2063 360 2124 in
384 2058 527 2144 quolibet
555 2057 692 2137 scripto,
727 2057 813 2141 quod
841 2057 881 2118 ad
912 2074 982 2117 eam
1011 2075 1079 2118 rem
1101 2056 1288 2137 pertinebit;
1325 2055 1439 2119 deiude
1463 2055 1644 2127 collatione,

326 2155 402 2240 quid
427 2153 577 2235 scriptum
601 2151 659 2226 sit,
684 2150 760 2236 quid
784 2150 956 2213 adversarii
980 2170 1013 2212 se
1036 2149 1148 2213 fecisse
1167 2150 1287 2226 dicant,
1311 2151 1386 2235 quid
1405 2151 1541 2213 iudicem
1559 2148 1649 2233 sequi

327 2248 512 2322 conveniat,
536 2253 641 2310 utrum
655 2245 706 2320 id,
729 2245 816 2330 quod
833 2244 1001 2328 diligenter
1018 2245 1227 2327 perscriptum
1246 2245 1303 2319 sit,
1327 2246 1435 2319 auid,
1459 2247 1545 2331 quod
1559 2249 1648 2307 acute

290 2345 367 2408 rosit
389 2343 618 2426 excogitatum
641 2339 756 2403 deinde
780 2358 818 2403 ea
841 2341 1013 2413 sententia,
1038 2359 1119 2423 qnae
1144 2341 1184 2402 ab
1207 2341 1393 2405 adversariis
1416 2340 1457 2403 sit
1474 2337 1650 2422 excogitata

327 2446 360 2504 et
387 2437 504 2519 scripto
535 2434 700 2509 attributa,
735 2439 955 2497 contemnetur
983 2439 1015 2496 et
1043 2429 1261 2498 infirmabitur.
1317 2435 1438 2498 Deinde
1468 2438 1647 2518 quaeretur,

326 2533 403 2620 quid
427 2532 457 2596 ei
480 2530 636 2604 obfuerit,
660 2528 686 2591 si
707 2528 741 2591 id
762 2529 915 2592 voluisset
932 2527 1130 2606 adscribere3
1154 2535 1208 2592 aut
1229 2551 1304 2592 num
1328 2550 1393 2593 non
1417 2529 1557 2611 potuerit
1577 2547 1650 2610 per·

326 2629 435 2694 scribi.
479 2627 600 2691 Deinde
625 2621 760 2688 anobis
785 2623 939 2687 sententia
961 2622 1137 2703 reperietur
1160 2631 1191 2687 et
1214 2644 1308 2687 causa
1330 2621 1527 2705 proferetur,
1551 2642 1649 2709 quare

325 2726 360 2788 id
383 2723 519 2804 scriptor
542 2716 694 2793 senserit,
717 2717 802 2802 quod
828 2716 1030 2798 perscripsit;
1055 2723 1088 2780 et
1110 2719 1377 2782 demonstrabitur
1399 2719 1549 2800 scriptum
1572 2716 1649 2778 illud

287 2839 397 2887 rresse
425 2816 577 2889 dibrcide,
601 2813 757 2886 breviter,
781 2811 965 2885 commode,
987 2810 1145 2892 perfecte,
1170 2819 1254 2876 certa
1267 2832 1339 2876 cum
1352 2815 1485 2877 ratione.
1528 2811 1650 2875 Deinde

328 2911 475 2994 exempla
497 2908 718 2991 proferentur,
742 2925 822 2990 quae
844 2885 1010 2984 res,(cum
1033 2906 1072 2967 ab
1098 2907 1285 2970 adversariis
1308 2909 1463 2972 sententia
1485 2913 1517 2970 et
1538 2907 1650 2971 voluu-

327 3015 376 3072 tas
392 2989 578 3106 affcrretur)
600 3001 748 3082 ascripto
766 3001 872 3082 potius
890 2999 1046 3063 iudicatae
1065 3007 1147 3064 sunt.
1191 3003 1313 3066 Deinde
1332 3004 1532 3077 ostendetur,
1556 3021 1650 3086 quam

327 3101 542 3186 periculosum
566 3097 607 3160 sit
629 3116 647 3159 a
670 3095 787 3180 scripto
815 3096 975 3159 recedere.
1020 3096 1123 3158 Locus
1146 3098 1321 3160 communis
1347 3105 1395 3163 est
1424 3104 1534 3162 contra
1563 3117 1647 3171 eum,

329 3198 400 3284 qui,
430 3217 501 3259 cum
524 3194 661 3256 fateatur
691 3211 725 3254 se
749 3197 859 3254 contra
882 3190 934 3265 id,
964 3191 1049 3273 quod
1073 3191 1196 3274 legibus
1219 3193 1372 3254 sancitum
1390 3200 1444 3256 aut
1463 3196 1649 3255 testamento

291 3292 539 3376 superscriptum
563 3288 621 3362 sit,
650 3285 782 3362 fecisse,
818 3293 923 3348 tamen
945 3285 1019 3348 facti
1043 3293 1174 3370 quaerat
1195 3286 1424 3352 defensionem.
1468 3287 1511 3349 X.
1543 3284 1593 3348 tt.
1624 3287 1651 3348 A

329 3387 485 3452 sententia
519 3384 564 3448 sic
599 3382 762 3446 dicemus:
798 3380 935 3463 primum
967 3379 1164 3442 laudabimus
1200 3381 1362 3463 scriptoris
1393 3379 1650 3445 commoditatem

328 3490 422 3568 atque
446 3479 653 3552 brevitatem,
683 3477 769 3560 quod
793 3480 913 3538 tantum
937 3474 1114 3556 scripserit,
1149 3478 1235 3560 quod
1257 3496 1387 3540 necesse
1410 3475 1523 3552 fuerit,
1557 3474 1648 3548 illud,

328 3579 414 3664 quod
437 3576 505 3640 siue
528 3573 645 3654 scripto
667 3568 801 3652 intelligi
823 3569 977 3651 potuerit,
1010 3591 1075 3632 non
1099 3570 1277 3634 necessario
1302 3572 1501 3634 scribendum
1519 3568 1648 3652 putarit.

327 3672 450 3736 Deinde
472 3670 613 3734 dicemus
637 3664 871 3729 calumniatoris
895 3685 964 3728 esse
987 3661 1125 3728 officium
1148 3667 1246 3729 verba
1268 3672 1301 3729 et
1323 3667 1441 3730 litteras
1464 3666 1572 3751 sequi,
1594 3685 1651 3727 ne-

292 3767 449 3850 ergligere
473 3764 680 3827 voluntatem.
724 3759 845 3822 Deinde
869 3759 920 3835 id,
944 3759 1029 3842 quod
1046 3761 1197 3842 scriptum
1217 3761 1275 3836 sit,
1301 3768 1354 3825 aut
1379 3780 1445 3825 uon
1463 3779 1558 3843 posse
1581 3753 1650 3822 fieri

329 3868 470 3925 autnon
492 3859 581 3942 lege,
604 3875 670 3920 non
692 3872 799 3926 more,
825 3872 892 3915 non
914 3860 1042 3929 natura,
1065 3875 1130 3919 nou
1151 3876 1252 3941 aequo
1278 3863 1310 3921 et
1331 3857 1417 3919 bono
1440 3873 1535 3936 posse
1557 3849 1648 3928 fieri3

329 3974 409 4042 quae
434 3953 541 4016 omnia
571 3950 757 4032 scriptorem
785 3947 925 4012 noluisse
954 3967 1049 4034 quam
1071 3951 1244 4016 rectissime
1267 3951 1337 4016 fieri
1366 3969 1460 4016 nemo
1485 3950 1584 4023 dicet,
1618 3951 1651 4010 at

397 4193 424 4242 t.
443 4189 580 4258 confictam
597 4188 621 4239 lt
639 4193 665 4240 et
684 4199 750 4238 corr.
770 4181 803 4235 A.
824 4207 856 4220 ·-
874 4183 902 4235 4.
921 4185 1007 4249 quinte
1024 4199 1092 4237 unsre
1109 4185 1219 4238 bomoP
1237 4194 1264 4239 et
1276 4185 1380 4238 Graevii
1393 4186 1456 4239 duo.
1472 4211 1500 4222 —
1520 4186 1546 4237 b.
1559 4197 1649 4249 quarn·

328 4263 438 4314 otel’F.
459 4287 490 4300 -
521 4261 548 4312 s.
574 4256 608 4322 et]
627 4273 679 4324 quo
698 4257 741 4309 AF
760 4263 787 4307 et
804 4267 871 4307 corr.
890 4255 931 4317 1¹,
950 4259 1020 4321 quod
1039 4261 1070 4308 u.
1093 4263 1128 4315 (et
1146 4271 1186 4320 pr.
1205 4255 1248 4316 P.)
1268 4281 1297 4296 ·-
1327 4259 1370 4308 tl.
1395 4257 1651 4310 accommodaremus

328 4333 385 4384 lta.
407 4359 437 4371 -
457 4333 501 4384 tt.
520 4331 569 4384 Vr.
588 4330 729 4381 suendum
745 4329 926 4378 uenationem
944 4341 996 4378 om.
1011 4343 1051 4390 pr.
1071 4329 1133 4381 Tet
1149 4332 1192 4381 elli
1211 4328 1427 4392 disquerenda,
1448 4328 1647 4393 erpuurttscb.

330 4429 362 4441 -
381 4405 424 4455 15.
444 4404 640 4467 percontatione
657 4399 790 4450 PABRT:
810 4400 1026 4460 percunctatione
1043 4399 1096 4450 lili.
1112 4423 1141 4438 -
1162 4405 1203 4451 Au
1222 4401 1384 4451 scierintue?
1402 4402 1454 4451 On.
1469 4424 1500 4437 -
1520 4399 1563 4450 17.
1584 4413 1647 4449 eun·

331 4475 389 4526 deu
407 4473 490 4533 rar,
510 4488 567 4525 eam
585 4485 639 4524 our.
658 4469 752 4521 Dutstr.
772 4469 848 4523 Letd.
870 4468 915 4520 lv.
952 4471 990 4520 Ae
1007 4481 1070 4521 saue
1089 4479 1178 4533 posset
1195 4473 1299 4524 eberse.
1325 4493 1357 4508 -·
1380 4473 1520 4534 pertinebit
1537 4469 1647 4520 PAFlte

327 4547 462 4610 pertimeat
480 4545 567 4604 ltTll,
593 4543 665 4606 uuod
684 4541 784 4592 dictum
802 4545 871 4593 meet
889 4553 920 4591 er
938 4540 1145 4593 adversariorum
1164 4555 1296 4605 perenne:
1325 4541 1371 4591 scd
1390 4543 1432 4594 bic
1448 4543 1540 4604 ecrtptl
1560 4541 1650 4592 defeu-

330 4619 383 4668 eorl
394 4624 562 4679 praeceptum
573 4615 658 4665 detur.
674 4637 705 4650 -
724 4613 768 4662 22.
783 4621 901 4662 auruum
910 4610 994 4660 PFT:
1014 4613 1125 4674 aumll,
1145 4619 1193 4663 aut
1200 4611 1327 4676 numquid
1338 4613 1379 4673 ll,
1396 4619 1426 4663 ut
1437 4613 1562 4664 uouSeb·
1576 4615 1646 4662 conl.

331 4684 390 4752 (cur
406 4703 461 4739 mun
476 4687 595 4751 percerte
610 4683 770 4749 perscribere
788 4679 891 4745 Lemb.)
912 4707 942 4718 -
972 4681 1016 4731 24.
1036 4684 1309 4745 sumpseramus.
1339 4708 1371 4719 -
1400 4685 1442 4735 25.
1468 4697 1527 4734 eum
1544 4685 1650 4732 ratione

331 4763 406 4809 certa
424 4757 507 4822 PFT,
527 4771 584 4809 eum
604 4761 677 4806 certa
693 4757 800 4805 ratione
818 4753 855 4813 n,
877 4765 936 4801 cum
953 4754 1057 4802 reticere
1074 4767 1126 4804 cru.
1146 4762 1234 4813 certa,
1262 4767 1301 4815 pr.
1320 4753 1351 4804 A.
1369 4751 1452 4815 (certa
1469 4767 1528 4804 eum
1544 4755 1649 4803 rutinae

332 4842 401 4881 corr·
420 4828 466 4894 A.)
485 4854 516 4867 -
536 4829 580 4878 26.
600 4828 728 4878 eemtemte'u
744 4823 900 4874 redderetur
918 4827 942 4872 et
959 4822 982 4874 lt
1000 4829 1026 4873 et
1044 4837 1112 4875 corr.
1134 4825 1166 4874 A.
1183 4849 1210 4862 -
1230 4825 1274 4876 27.
1293 4827 1346 4874 siut
1362 4825 1398 4887 F,
1417 4826 1448 4876 1..
1465 4851 1495 4862 -
1514 4823 1558 4876 32.
1578 4825 1649 4886 quod

330 4901 399 4952 runa
417 4907 520 4951 tautum
538 4897 622 4957 AFlt,
641 4898 687 4962 put
703 4896 770 4946 illud
788 4902 894 4946 tumtum
912 4894 943 4944 Ι..
965 4919 993 4931 -
1014 4892 1058 4946 33.
1076 4896 1252 4945 neceesarium
1269 4897 1348 4946 Pon.
1367 4921 1401 4931 --
1419 4895 1462 4946 at.
1481 4895 1515 4947 V.
1534 4893 1649 4959 officium

332 4975 391 5026 stne
410 4985 487 5024 crure
506 4976 658 5030 suspectum
678 4966 878 5028 Oudendorpto.
899 4987 931 5003 -
962 4963 1005 5018 ³7.
1024 4966 1266 5019 octuber-memo
1284 4969 1383 5020 daudet
1400 4966 1437 5031 1.,
1468 4964 1563 5020 Graes.
1584 4963 1647 5017 Scir.

331 5055 395 5098 eene
414 5051 505 5096 contra
524 5039 609 5094 codd.
629 5045 741 5091 nostroe.
