3720 5840
722 485 799 551 ΠΒ.
825 484 863 548 11.
908 483 942 550 G.
963 485 1014 549 22.
1036 485 1088 550 23.
1110 483 1161 550 et.

450 645 597 712 Amisum
610 647 758 730 sastipam
779 645 814 709 oh
834 647 973 710 meritam
993 647 1120 710 noxiam

450 745 583 805 Immune
605 748 647 804 est
664 742 800 824 [asinam
821 759 924 806 aerum
945 741 979 804 ia
1000 749 1095 805 astate
1115 742 1188 806 utile

450 837 493 902 Et
514 837 705 900 amrdusihils.

281 982 368 1079 Haeo
390 981 546 1067 expositio
570 986 628 1045 est.
673 979 859 1056 Videamus,
883 999 962 1066 quae
985 980 1065 1046 ratio
1088 975 1253 1046 afferatur:

451 1147 492 1160 -
513 1131 585 1175 mam
605 1133 658 1194 epo
679 1113 809 1176 amisum
829 1112 914 1175 hodie
934 1131 1033 1176 mmm
1618 1115 1631 1159 ⁵

452 1207 664 1289 Camastipaha
680 1226 740 1290 pro
761 1208 935 1271 commerita
955 1207 1063 1270 maia.

280 1355 409 1426 Exeo,
441 1350 525 1435 quod
548 1347 615 1434 ipse
638 1348 776 1413 facturus
799 1356 864 1425 est,
897 1370 961 1413 non
983 1368 1101 1424 exeo,
1135 1347 1219 1432 quod
1242 1343 1309 1411 fieri
1332 1347 1496 1423 convenit,
1530 1347 1606 1412 utile

280 1447 355 1532 quid
377 1445 436 1520 sit,
460 1444 674 1507 ratiocinatur.
719 1444 806 1508 Vana
828 1443 907 1507 ratio
930 1451 992 1516 est,
1016 1462 1095 1528 quae
1119 1464 1158 1506 ex
1179 1442 1259 1505 falsa
1273 1461 1366 1505 eausa
1380 1448 1520 1516 eonstat,
1543 1443 1608 1506 hoa

280 1544 393 1606 modo:
418 1541 516 1603 Amor
537 1539 704 1623 fugiendus
726 1560 791 1602 non
813 1548 876 1616 est;
901 1560 972 1603 nam
995 1560 1035 1602 ex
1058 1557 1097 1602 eo
1118 1537 1281 1602 verissima
1302 1537 1441 1600 nascitur
1453 1537 1604 1600 amicitia.

280 1635 342 1699 Aut
363 1638 424 1698 hoo
446 1637 561 1698 modo:
600 1633 805 1719 Philosophia
832 1635 958 1697 vitanda
988 1639 1050 1710 est;
1088 1630 1178 1696 affert
1206 1633 1290 1696 enim
1312 1632 1490 1696 socordiam
1514 1637 1645 1719 atquo¹⁰

281 1732 444 1796 desidiam.
489 1732 568 1793 Nam
596 1729 657 1792 hae
686 1729 825 1792 rationes
854 1727 914 1790 nisi
947 1727 1043 1790 falsae
1076 1735 1197 1802 essent,
1237 1727 1452 1812 expositiones
1482 1747 1609 1814 quoque

281 1846 388 1890 earum
410 1845 501 1890 veras
523 1845 592 1888 esse
614 1822 846 1887 confiteremur.
893 1822 944 1885 36.
969 1822 1109 1905 Itemque
1125 1823 1249 1884 infirma
1263 1821 1343 1884 ratio
1359 1828 1423 1898 est,
1449 1841 1529 1908 quae
1543 1843 1609 1886 non

280 1921 489 1987 neeessariam
511 1940 636 1983 causam
659 1916 750 1983 affert
772 1917 994 2004 expositionis;
1017 1917 1104 1978 velut
1123 1916 1293 1982 Pacuvius:

321 2064 487 2127 Fortunam
507 2063 646 2125 imaaam
667 2081 726 2124 esse
747 2068 774 2123 et
796 2079 914 2124 caecam
934 2067 961 2122 st
982 2059 1100 2122 brittam
1116 2058 1272 2141 perhibent
1291 2059 1480 2142 philosophi,

322 2159 463 2239 Sauoque
483 2157 569 2219 illam
589 2159 702 2219 instare
722 2156 840 2238 plahoso
857 2155 1035 2237 praedicant
1054 2154 1225 2225 aoladilem,

326 2253 406 2330 Quia
427 2271 484 2332 quo
505 2271 617 2314 savum
637 2253 789 2333 impulerit
807 2252 888 2334 sors,
913 2270 946 2313 so
968 2249 1072 2312 cadere
1090 2249 1248 2331 [ortanam
1268 2255 1437 2312 autumant.

323 2349 448 2412 Caesam
468 2345 503 2407 oh
524 2365 589 2408 eam
610 2363 674 2408 rem
695 2365 755 2408 esse
776 2348 902 2415 itesam,
925 2345 998 2426 quia
1017 2345 1094 2406 nihil
1116 2353 1232 2416 aarum,
1256 2364 1313 2426 pua
1333 2363 1395 2408 sese
1415 2345 1559 2427 applicem

322 2443 467 2505 Insanum
488 2448 587 2503 autem
608 2441 709 2513 aiunt,
732 2441 804 2522 quia
825 2439 935 2510 atrox,
957 2440 1073 2501 inserta
1093 2439 1296 2521 instabilisque
1318 2441 1375 2512 sit,

324 2537 468 2606 Frutam,
492 2535 564 2616 quia
585 2534 708 2616 dipnam
728 2542 815 2615 atque
835 2533 992 2614 iadipuum
1011 2541 1135 2613 nequeat
1156 2533 1364 2598 intemmsaere.

323 2631 400 2692 Snot
420 2637 520 2691 atatem
540 2629 596 2690 alii
615 2628 798 2709 philosophi,
825 2628 878 2708 pai
898 2634 1004 2688 eontra
1024 2627 1190 2689 Fortunam
1210 2638 1314 2710 aspaml

322 2725 482 2788 Miseriam
503 2742 563 2785 esse
583 2722 693 2795 ultam,
715 2721 765 2782 sed
785 2722 948 2784 teneritate
969 2721 1072 2783 omnia
1093 2723 1168 2802 sepi.
1213 2723 1250 2784 Id
1269 2723 1368 2807 mapis

328 2819 395 2880 Veri
416 2817 514 2882 simile
534 2817 636 2890 aium,
658 2815 737 2898 quad
756 2835 831 2878 usus
852 2834 956 2896 reapse
977 2815 1161 2895 experiundo
1183 2817 1291 2881 edocet.

328 2913 408 2976 Velut
432 2912 550 2976 Orestes
570 2910 657 2974 maala
675 2912 737 2993 suit
758 2929 830 2982 rsa,
852 2909 938 2972 modo
959 2909 1110 2972 mmrdiasss
1127 2910 1228 2991 saetas
1248 2921 1305 2989 est;

322 3007 492 3090 Naufrapio
513 3026 561 3070 ras
582 3007 717 3089 amatipit.
761 3006 870 3087 Nempe
891 3023 961 3085 arpa
982 3003 1063 3067 haud
1082 3005 1219 3069 Fortuna
1239 3007 1354 3089 ohtipit.

281 3151 360 3212 Nam
382 3149 435 3212 hio
456 3148 610 3212 Pacuvius
630 3143 755 3210 infirma
775 3146 896 3210 ratione
918 3146 1032 3221 utitur,
1057 3167 1129 3209 aum
1151 3147 1194 3210 ait
1215 3147 1319 3211 verius
1342 3169 1411 3214 esse
1433 3154 1645 3216 temeritatem

282 3265 375 3330 quam
398 3244 537 3306 Fortuna
559 3263 610 3306 res
633 3243 719 3326 regi3
756 3262 829 3305 nam
851 3250 985 3326 utraque
1007 3241 1157 3326 opinione
1178 3243 1441 3327 philosophorum
1463 3243 1531 3309 fieri
1554 3267 1610 3331 po·

280 3339 357 3412 tuit,
391 3343 427 3400 ut
446 3337 490 3412 is,
526 3337 579 3422 qui
609 3358 666 3400 rex
691 3337 819 3411 fuisset,
855 3335 1017 3399 mendicus
1044 3335 1144 3398 factus
1174 3343 1266 3400 esset.
1311 3337 1425 3402 XXIV.
1450 3341 1502 3404 37.
1530 3343 1609 3405 Item
1676 3399 1680 3416 ,

281 3431 405 3496 infirma
425 3431 505 3495 ratio
528 3439 592 3506 est,
618 3452 697 3517 qnae
719 3433 845 3495 videtur
865 3450 923 3515 pro
946 3431 1068 3494 ratione
1083 3426 1209 3505 afferri,
1234 3431 1389 3494 sedidem
1406 3433 1499 3509 dicit,
1524 3436 1609 3520 quod

281 3529 314 3591 in
337 3527 534 3612 expositione
557 3527 674 3590 dictum
697 3533 763 3601 est,
788 3527 850 3588 hoc
873 3526 988 3592 modo:
1018 3527 1131 3608 Magno
1156 3525 1239 3588 malo
1263 3533 1311 3588 est
1331 3526 1515 3589 hominibus
1537 3548 1610 3591 ova-

281 3623 370 3697 ritia,
408 3623 527 3684 idcireo
557 3623 642 3706 quod
669 3621 814 3684 homines
836 3621 957 3704 magnis
980 3625 1011 3682 et
1032 3619 1138 3682 multis
1160 3619 1370 3682 incommodis
1392 3623 1610 3685 conflictantur
1620 3646 1647 3687 ao

280 3723 411 3802 propter
432 3717 617 3778 immensam
640 3716 791 3800 pecuniae
815 3718 1028 3800 cupiditatem.
1074 3717 1153 3777 Nam
1175 3715 1227 3777 hio
1249 3716 1318 3778 aliis
1333 3716 1438 3778 verbis
1453 3717 1537 3779 idem
1554 3735 1611 3800 per

281 3813 436 3876 rationem
459 3809 590 3884 dicitur,
614 3812 699 3894 quod
722 3811 837 3873 dictum
861 3818 908 3873 est
929 3830 986 3895 per
1008 3810 1250 3894 expositionem.
1296 3812 1375 3874 item
1392 3807 1516 3874 infirma
1531 3811 1609 3874 ratio

282 3913 346 3980 est,
384 3923 464 3990 qnae
486 3903 590 3967 minus
611 3905 778 3980 idoneam,
809 3925 903 3990 quam
925 3926 976 3968 res
998 3905 1153 3989 postulat,
1187 3925 1313 3968 eausam
1335 3905 1463 3969 subiicit
1485 3905 1610 3988 exposi-

282 4001 394 4076 tionis,
428 3999 491 4062 hoo
518 4000 630 4061 moda:
668 4001 757 4064 Utilis
791 4007 838 4064 est
869 4000 1038 4084 sapientia,
1073 4005 1242 4083 propterea
1270 4002 1354 4085 qnod
1377 4000 1429 4086 qui
1452 3999 1611 4083 sapientes

281 4101 371 4169 sunt,
395 4094 544 4178 pietatem
567 4095 672 4157 colere
694 4101 896 4157 consuerunt.
942 4094 1038 4156 Item:
1063 4095 1142 4157 Utile
1159 4102 1207 4158 est
1221 4094 1340 4157 amisos
1355 4116 1448 4158 veros
1469 4095 1607 4175 habere;
1620 4115 1647 4157 ss

281 4189 398 4251 habeas
421 4188 504 4250 enim
526 4188 712 4273 quibuscum
735 4188 833 4250 iocari
854 4189 967 4272 possis.
1013 4190 1090 4250 Nam
1111 4189 1143 4251 in
1159 4189 1341 4252 huiusmodi
1357 4190 1530 4253 rationibus
1546 4211 1610 4254 non

281 4282 428 4345 universa
455 4302 558 4368 neque
587 4282 749 4356 absoluta,
787 4284 843 4346 sed
870 4289 1035 4346 extenuata
1069 4284 1189 4347 ratione
1212 4285 1368 4368 expositio
1392 4283 1605 4349 confirmatur.

282 4378 361 4441 item
382 4373 506 4441 infirma
526 4377 605 4444 ratio
628 4383 692 4452 est,
716 4397 795 4464 quae
816 4377 868 4442 vel
889 4378 942 4442 alii
964 4378 1154 4463 expositioni
1176 4387 1280 4463 potest
1301 4381 1552 4456 accommodari,
1575 4390 1610 4445 ut

351 4593 378 4643 2.
399 4594 516 4642 immam
541 4605 581 4656 pr.
606 4593 625 4642 Ρ
655 4591 751 4656 (Plaut.
775 4593 849 4645 Trtn.
873 4597 905 4654 t,
931 4595 961 4648 t.
989 4592 1043 4656 2.).
1075 4595 1192 4645 immam
1219 4595 1351 4658 ΛΒΒΒΤ,
1383 4609 1449 4647 eom.
1478 4597 1509 4646 P.
1530 4604 1556 4648 et
1577 4597 1607 4646 Β.

283 4661 437 4728 (correxere
457 4663 487 4712 L.
503 4669 528 4712 et
546 4661 620 4728 Seis.)
640 4689 670 4700 —
693 4665 720 4715 5.
740 4677 825 4714 meam
843 4666 919 4716 haslts
937 4665 1036 4716 ΡΑΒΤ.
1062 4691 1093 4702 -
1121 4665 1147 4714 6.
1169 4667 1305 4728 casttpaho
1325 4667 1365 4725 T,
1392 4681 1448 4717 non
1471 4667 1610 4730 rasttpaha

282 4735 373 4786 ΑΒΒΒ
393 4741 420 4785 st
438 4745 505 4783 sorr.
522 4733 553 4782 Τ.
576 4758 606 4769 -
624 4731 685 4798 pra]
704 4749 754 4797 per
773 4735 886 4788 Ernesttt
906 4749 1013 4798 apeme.
1036 4759 1064 4770 -
1086 4739 1223 4786 commissa
1241 4736 1386 4789 ΡΑΒΒΒΤ.
1406 4739 1502 4789 —10.
1523 4752 1610 4788 saror·

282 4809 355 4857 diam
373 4803 502 4863 nsunt,
532 4805 680 4855 secordiam
704 4805 756 4856 ΒΕ.
786 4831 816 4842 -·
844 4805 1167 4870 ii.1tempusPhFRT:
1197 4807 1260 4857 item
1278 4808 1333 4858 ΒΕ.
1357 4833 1389 4847 -
1417 4811 1460 4860 ts.
1480 4823 1611 4872 aureaque

281 4880 383 4927 instare
402 4875 478 4939 ploho
495 4875 650 4935 praedicant
668 4875 779 4926 volubili
794 4876 824 4926 B.
846 4902 875 4912 -
896 4877 939 4927 to.
962 4879 1031 4940 Quia
1049 4887 1102 4938 pua
1120 4877 1202 4926 nst:
1223 4880 1280 4928 idea
1298 4891 1348 4942 quo
1369 4879 1399 4931 Β.
1420 4905 1451 4916 -
1472 4895 1500 4930 sa
1519 4879 1611 4931 andere

281 4947 410 4998 PAFRT:
436 4945 530 4995 radere
547 4957 576 4995 so
596 4945 632 5006 Β,
652 4948 745 4997 radere
762 4945 826 5010 (om.
844 4943 883 5008 so)
902 4947 933 4995 Β.
958 4972 985 4983 -
1006 4948 1050 4996 20.
1071 4946 1165 5000 Nonne
1181 4947 1324 4998 Fortuod?
1337 4950 1389 5000 On.
1413 4973 1437 4986 -·
1461 4959 1558 5015 nepam
1576 4951 1608 5001 P.

283 5019 369 5068 Ceteri
389 5020 470 5067 nostrl
490 5017 685 5068 eontunettsum
705 5021 830 5069 retinent.
845 5043 874 5051 -
894 5017 937 5068 26.
958 5019 1015 5081 peri
1027 5016 1148 5067 ntnxx.
1165 5044 1195 5055 -
1214 5019 1259 5069 27.
1279 5019 1365 5082 sactus
1383 5027 1447 5070 esset
1459 5019 1607 5071 ΡΑΒΒΒΤε

281 5089 354 5154 perat
373 5099 433 5138 eum
452 5087 538 5138 trthus
561 5086 743 5150 Oudendorptt
764 5089 796 5139 x.
833 5088 868 5137 at
885 5089 950 5138 ttiud
971 5091 1124 5139 concinnius
1137 5089 1170 5138 ad
1183 5089 1360 5144 Pacuuianum
1372 5091 1505 5143 menatem
1521 5093 1610 5158 {astus

282 5165 328 5210 ast.
347 5183 378 5194 -
399 5159 443 5211 30.
461 5161 491 5211 im
508 5159 658 5209 hutmmoat
676 5159 778 5210 PABF:
799 5160 949 5210 huiusmodi
966 5161 995 5210 m
1015 5159 1045 5210 Β.
1066 5155 1129 5223 (am.
1142 5161 1172 5209 ta
1190 5159 1236 5218 Τ.)
