3746 5850
817 484 852 552 c.
876 487 908 552 s.
932 486 964 556 o.
985 431 1020 552 r]
1520 485 1582 553 css

258 667 384 723 earnm,
406 665 487 735 qnae
500 643 727 734 intelliguntur.
772 649 824 717 2⁷.
838 649 916 714 Erae
932 667 970 713 ca
985 647 1075 723 dico,
1099 665 1180 734 quae
1195 647 1281 714 cerni
1298 645 1421 732 cogive
1434 654 1580 736 possunt,

257 749 293 810 ut
312 741 444 808 landum
466 745 576 818 aedes,
604 743 755 829 parictem
776 741 983 818 stillicidium,
1013 743 1202 826 mancipium
1237 746 1408 829 pecudem,
1447 743 1583 830 supelle-
1695 785 1718 800 ,-

258 838 362 902 ctilem
377 856 494 923 penus,
517 842 637 917 cetera;
658 857 723 924 qno
738 857 778 902 ex
800 857 915 923 genere
937 836 1091 925 quaedam
1113 836 1271 903 interdum
1293 835 1384 903 vobis
1405 836 1582 904 delinienda

257 939 339 1002 aunt.
382 935 454 997 Non
475 951 543 998 essa
565 953 675 999 rursus
697 952 735 998 ea
756 931 843 1009 dico,
867 953 949 1020 quae
971 931 1057 1018 mum
1078 929 1328 997 demonstrarive
1350 952 1415 999 non
1436 940 1580 1020 possunt,

258 1023 345 1092 cerni
365 1031 470 1092 tsnmn
490 1028 594 1093 animo
608 1035 710 1116 ¹atque
732 1026 862 1114 intelligi
884 1037 1034 1112 possunt,
1068 1034 1105 1092 ut
1126 1025 1153 1092 si
1175 1025 1418 1113 usucapionem,
1452 1026 1480 1094 si
1501 1035 1605 1093 tute-t

256 1121 339 1197 lam,
372 1121 562 1207 rigentem,
594 1121 622 1189 si
642 1123 840 1208 agnationem
861 1121 1010 1202 deliniam
1048 1140 1182 1209 quaram
1207 1141 1312 1188 rerum
1334 1121 1454 1188 nnllam
1475 1119 1585 1188 nrbmt

256 1310 476 1396 intelligentia,
514 1331 607 1399 mam
635 1312 797 1380 notionem
824 1332 916 1379 voco.
959 1315 1006 1378 Ea
1027 1329 1123 1394 saepe
1144 1309 1176 1375 in
1198 1313 1449 1395 argumentando
1472 1308 1582 1376 delini·

257 1405 345 1472 tione
365 1406 553 1490 explicanda
585 1416 644 1474 est.
701 1411 753 1476 38.
790 1412 890 1495 Atque
912 1407 1005 1474 etiarn
1028 1403 1224 1471 definitiones
1246 1407 1326 1471 aliae
1348 1413 1421 1473 sunt
1440 1407 1584 1494 partitio-

257 1523 352 1578 num,
381 1501 462 1566 aliae
484 1502 692 1569 divisionum:
723 1503 948 1587 partitionum,
977 1519 1048 1567 cum
1069 1520 1121 1566 res
1143 1520 1199 1578 ea,
1223 1521 1304 1587 qnae
1324 1501 1489 1587 proposita
1511 1509 1621 1577 eat,ar

257 1599 347 1682 qnasi
369 1597 402 1660 in
424 1597 567 1662 membra
589 1598 791 1684 discerpitur;
827 1606 863 1663 ut
884 1599 911 1662 si
932 1598 1002 1683 quis
1024 1595 1073 1662 ius
1094 1597 1187 1662 civile
1209 1595 1293 1662 dicat
1314 1597 1346 1662 id
1374 1615 1463 1672 osae,
1495 1594 1583 1682 qnod

257 1691 290 1756 in
311 1689 448 1775 legibus,
471 1698 596 1756 senatus
618 1689 785 1767 consultis,
806 1693 902 1757 rebus
922 1692 1083 1766 iudicatis,
1106 1689 1362 1776 iurisperitorum
1384 1689 1582 1766 anctoritate,

258 1784 367 1852 edictis
388 1784 641 1872 magistratuum,
662 1807 767 1863 more,
789 1785 945 1873 aequitate
968 1787 1127 1851 consistat.
1161 1785 1358 1851 Divisionum
1377 1793 1483 1852 autem
1506 1782 1583 1852 deli·

256 1881 336 1946 nitio
366 1877 484 1946 formas
515 1900 624 1946 omnes
657 1881 898 1968 complectitur,
938 1899 1019 1966 qnae
1052 1882 1111 1945 sub
1144 1901 1183 1946 eo
1218 1899 1334 1965 genere
1371 1889 1463 1959 sunt,
1497 1876 1583 1970 qnod

257 1973 421 2052 delinitur,
455 1977 517 2040 laec
538 1971 652 2042 modo:
689 1973 884 2040 Abalienatio
907 1983 956 2040 est
976 1976 1045 2040 eius
1065 1975 1129 2048 rei,
1163 1991 1244 2060 quaa
1273 1971 1406 2062 mancipi
1429 1983 1495 2053 est,
1529 1981 1583 2041 aut
1591 1986 1620 2030 1⁸

257 2069 388 2137 traditio
419 2069 509 2136 alteri
539 2089 625 2134 nexu
655 2071 766 2135 autin
793 2068 863 2135 iare
892 2067 1014 2146 cessio,
1052 2069 1135 2134 inter
1156 2088 1235 2156 quoa
1258 2089 1296 2134 ea
1316 2071 1387 2136 iure
1409 2069 1493 2137 civili
1514 2068 1583 2136 lieri

256 2173 398 2250 possunt.
442 2167 496 2229 Vl.
527 2165 607 2230 Snnt
634 2165 729 2230 etiam
751 2163 813 2230 alia
834 2185 951 2248 genera
972 2161 1207 2240 definitionum,
1240 2161 1298 2231 sed
1325 2161 1366 2230 ad
1388 2166 1483 2231 lanias
1509 2162 1583 2231 libri

255 2261 431 2326 institutum
452 2258 506 2323 illa
525 2257 604 2324 nihil
625 2260 801 2345 pertinent;
817 2251 956 2342 (tantum
978 2267 1027 2324 est
1047 2261 1231 2334 dicendum,
1254 2260 1308 2344 qui
1329 2262 1370 2324 ait
1390 2257 1583 2326 definitionis
1667 2253 1723 2357 s.)

255 2353 394 2454 modas.)
423 2357 476 2419 29.
500 2352 552 2418 Sic
573 2353 671 2437 igitur
691 2360 814 2419 veteres
836 2351 1045 2440 praecipiunt:
1069 2373 1140 2418 cum
1158 2355 1330 2440 sampsonis
1346 2373 1399 2429 ea,
1423 2372 1503 2441 qnae
1519 2355 1582 2418 sint

257 2451 287 2516 ei
308 2448 376 2526 rei,
410 2468 503 2535 quam
526 2445 659 2512 delinire
680 2446 775 2522 velis,
807 2465 878 2513 cum
904 2449 973 2512 aliis
1002 2447 1199 2522 communia,
1232 2465 1332 2532 uaqm
1354 2467 1392 2512 co
1414 2446 1620 2533 persequi,rr

257 2549 331 2612 dnm
358 2544 521 2628 proprium
551 2539 724 2618 efficiatur,
760 2546 845 2626 quod
873 2541 989 2607 nnllam
1019 2543 1052 2608 in
1073 2542 1167 2608 aliam
1188 2561 1257 2607 rem
1278 2539 1444 2607 transferri
1465 2538 1578 2626 possit.

256 2643 295 2706 Ut
315 2642 395 2716 lace,
428 2635 595 2703 Hereditas
623 2644 671 2700 est
694 2637 838 2720 pecnnia.
884 2637 1056 2702 Commune
1079 2633 1199 2714 adhuc;
1237 2634 1335 2701 multa
1357 2635 1442 2701 enim
1464 2655 1582 2720 genera

255 2735 417 2822 pecuniae.
460 2728 549 2797 Adde
571 2733 656 2816 quod
677 2729 837 2818 sequitur:
865 2751 947 2816 quae
970 2739 1071 2796 morte
1092 2729 1224 2796 alicuine
1246 2727 1286 2795 ad
1308 2732 1487 2817 quempiam
1509 2750 1583 2818 pen

256 2828 352 2896 venit.
397 2829 543 2893 Nondum
565 2833 613 2890 est
632 2822 791 2904 deliniti03
826 2824 933 2890 multis
961 2826 1046 2890 enim
1068 2823 1171 2890 modis
1192 2824 1260 2891 sine
1282 2824 1457 2892 hereditate
1479 2825 1579 2894 teneri

161 2975 168 2992 .
254 2931 453 2991 mortuorum
476 2921 626 3008 pecuniae
648 2927 790 3006 possunt.
836 2921 936 2984 Unum
958 2918 1038 2985 adde
1066 2917 1216 2986 verbum:
1250 2922 1335 3000 iure;
1369 2920 1432 2987 iam
1455 2941 1473 2986 a
1495 2937 1618 2987 com-st

255 3019 405 3086 monitate
427 3037 478 3082 res
500 3016 651 3080 disiuncta
671 3014 845 3088 videbitur,
876 3013 973 3079 nteit
994 3016 1147 3102 explicata
1169 3013 1308 3082 delinitio
1331 3017 1391 3083 sic:
1413 3018 1581 3083 Hereditas

256 3122 305 3180 est
324 3111 475 3196 pecunia,
506 3130 586 3198 qaae
607 3118 708 3175 morte
729 3107 861 3176 alicuius
884 3109 922 3175 ad
944 3111 1123 3198 quempiam
1145 3113 1290 3199 pervenit
1310 3112 1390 3180 iure.
1434 3110 1581 3178 Nondum

256 3216 304 3274 est
324 3211 415 3287 satia3
448 3209 547 3284 adde,
578 3226 636 3270 nec
666 3225 704 3270 ea
730 3213 796 3296 aut
811 3205 912 3291 legata
936 3215 1121 3272 testamento
1144 3214 1199 3272 aut
1218 3209 1418 3293 possessione
1440 3215 1579 3288 retentu

255 3300 431 3370 conlectam
452 3310 510 3368 est.
555 3303 713 3388 Itemque,
746 3299 896 3366 utillud:
935 3301 1075 3368 Gentiles
1103 3310 1175 3367 aunt
1196 3303 1281 3368 inter
1303 3322 1356 3379 se,
1391 3304 1446 3390 qui
1468 3306 1582 3368 eodem

254 3397 382 3464 nominc
411 3405 493 3464 sunt.
538 3400 607 3463 Non
640 3404 689 3461 est
719 3396 805 3462 satis.
851 3397 913 3474 Qui
942 3395 981 3462 ab
1013 3398 1157 3480 ingenuis
1187 3396 1314 3462 oriundi
1344 3407 1427 3464 sant.
1473 3401 1519 3464 lle
1548 3395 1616 3464 idea

256 3490 382 3577 quidem
411 3495 484 3558 satis
510 3499 568 3557 est.
614 3491 756 3568 Quorum
786 3493 941 3556 maiorum
969 3511 1064 3557 nemo
1092 3493 1274 3557 servitutem
1303 3492 1441 3558 servivit.
1484 3497 1582 3558 Abest

256 3589 442 3652 etiamnunc.
499 3587 561 3663 Qui
593 3586 696 3670 capito
727 3604 791 3648 non
807 3612 809 3616 ⁴
824 3596 896 3650 sunt
927 3584 1092 3650 deminuti.
1144 3589 1213 3650 lloc
1245 3585 1377 3651 fortasse
1412 3591 1486 3652 satis
1519 3596 1578 3652 est.
1703 3653 1715 3679 Ι

256 3679 339 3745 Nihil
367 3679 450 3745 enim
477 3679 572 3744 video
600 3676 782 3743 Scaevolam
809 3675 988 3764 pontificem
1010 3677 1051 3743 ad
1073 3677 1150 3742 hanc
1173 3677 1385 3746 definitionem
1409 3681 1578 3748 addidisse.
1697 3690 1701 3698 '

255 3779 358 3861 Atque
379 3777 456 3839 haec
477 3773 556 3838 ratio
580 3773 663 3838 valet
682 3771 716 3836 in
744 3779 878 3858 utroque
906 3793 1022 3856 genere
1051 3771 1285 3846 definitionum,
1319 3777 1385 3840 sive
1407 3775 1459 3851 id,
1494 3772 1580 3862 quod

256 3878 320 3945 est,
343 3868 408 3934 sive
422 3868 473 3945 id,
499 3866 584 3955 quod
599 3865 800 3950 intelligitur,
824 3865 1033 3932 deliniendum
1048 3875 1106 3932 est.
1151 3871 1203 3933 30.
1224 3869 1432 3935 Partitionnm
1451 3867 1577 3955 [autem]
1590 3883 1619 3927 ³⁶

257 3970 290 4029 et
310 3963 498 4029 divisionum
521 3981 619 4048 genus
641 3961 733 4048 quale
755 3970 855 4038 esset,
880 3961 1092 4038 ostendimus,
1117 3965 1173 4027 sed
1189 3963 1264 4048 qnid
1279 3961 1360 4028 inter
1374 3983 1407 4028 se
1423 3962 1578 4040 differant,

256 4059 379 4145 planias
391 4055 555 4123 dicendum
570 4063 626 4122 est.
658 4058 694 4122 In
706 4057 873 4142 partitione
887 4057 977 4146 quasi
991 4060 1133 4122 membra
1147 4065 1238 4134 sunt,
1264 4066 1299 4123 ut
1313 4060 1471 4145 corporis,
1488 4055 1582 4142 caput

255 4152 399 4228 humeri,
421 4171 532 4218 manus
554 4150 667 4226 latera,
697 4171 790 4216 crura
810 4153 907 4240 pedes
929 4160 961 4217 et
981 4159 1102 4231 cetera;
1135 4141 1262 4246 vulin
1283 4152 1437 4219 divisione
1459 4151 1580 4220 formae

258 4242 373 4332 [sont],
407 4263 484 4334 quas
514 4247 625 4312 Graeci
653 4251 720 4325 εἴδη
750 4235 902 4327 vocant3)
921 4249 1034 4320 nostri,
1067 4247 1094 4312 si
1123 4247 1178 4334 qui
1204 4249 1282 4312 haee
1313 4249 1397 4313 loate
1428 4254 1579 4323 uacum,
1664 4233 1720 4319 us·

325 4454 352 4507 3.
370 4457 444 4508 cette
461 4453 527 4518 (rell.
547 4459 605 4508 lure
624 4452 760 4516 consultis)
779 4467 814 4506 ar
841 4455 917 4506 notit
935 4457 956 4507 ll
976 4468 1034 4507 curn
1053 4459 1160 4508 ceteris.
1190 4480 1222 4494 -
1250 4455 1278 4507 ’1.
1297 4459 1328 4508 to
1344 4457 1518 4523 totelltpcatta
1537 4458 1581 4510 Vl-

256 4529 374 4579 ctcrlust
393 4528 568 4593 tntsutpantie
585 4529 606 4579 ll
624 4540 684 4580 curn
704 4527 789 4578 Codd.
810 4531 921 4585 nostris,
948 4527 1135 4593 intelligentior
1153 4535 1200 4590 ψ,
1219 4527 1279 4590 BV,
1301 4528 1392 4580 lamb.
1426 4551 1456 4564 -
1487 4527 1514 4578 3.
1542 4533 1581 4580 eat

255 4597 411 4657 abcdei,
430 4598 490 4669 llp.
511 4598 544 4658 N,
565 4599 628 4650 avc
648 4606 712 4649 sunt
730 4602 862 4661 lnmg.a,
887 4597 1467 4660 vitiant.-17.ertamaocda,1t,11,
1488 4599 1580 4652 vallat

256 4675 280 4720 et
299 4668 353 4728 ill,
374 4669 445 4732 qood
464 4668 584 4721 deiendlt
604 4659 681 4720 lland
700 4669 778 4720 Tura.
798 4669 833 4716 ll.
854 4681 880 4727 p.
899 4669 960 4719 5⁰¹1.
992 4667 1045 4719 Sed
1064 4680 1213 4732 repugnare
1232 4671 1305 4720 aldes
1323 4673 1436 4728 optimos
1455 4683 1577 4736 quosque

143 4799 145 4804 y
257 4740 342 4791 codd.
371 4763 400 4778 -
430 4739 475 4790 te.
494 4739 774 4805 potrrcabcdiltr
803 4746 984 4801 amarescat
1004 4739 1023 4788 ll
1043 4752 1102 4789 cnm
1121 4753 1135 4791 e
1153 4741 1266 4804 aliisque
1286 4747 1313 4792 et
1331 4739 1397 4790 lidd.
1420 4746 1524 4792 ceteris.
1546 4767 1577 4782 -

256 4812 300 4862 33.
318 4811 388 4862 latter
405 4822 452 4872 ar,
470 4811 516 4875 qui
534 4810 618 4861 abed
629 4811 656 4861 l:
676 4811 723 4875 qut
739 4811 809 4859 tuter
825 4821 852 4859 se
869 4809 926 4860 all.
963 4809 1079 4862 atteram
1099 4812 1228 4862 rationem
1247 4813 1325 4862 antee
1343 4816 1442 4861 rectam
1462 4825 1519 4864 esse
1532 4813 1579 4864 de·

257 4887 385 4934 monstrat
402 4885 552 4932 necessaria
570 4883 702 4932 dlstlnctto
716 4877 829 4930 Gentiles
847 4889 907 4930 socc
925 4881 995 4932 inter
1006 4893 1048 4937 se,
1067 4882 1127 4944 qut,
1147 4893 1207 4931 cum
1226 4884 1252 4932 tn
1272 4881 1352 4931 altera
1372 4881 1486 4933 timtttes
1504 4891 1575 4938 sunt.

255 4955 300 5020 past
319 4955 389 5004 tnter
406 4964 432 5002 te
450 4965 491 5003 tr.
511 4953 581 5002 inter
598 4965 624 5002 ss
641 4961 836 5014 supervacanea
854 4953 925 5016 slat,
948 4977 975 4989 -
1006 4950 1051 5003 35.
1070 4959 1159 5001 cutem
1177 4951 1275 5004 deterit
1292 4951 1405 5011 erlt.;
1427 4967 1474 5003 nos
1493 4955 1580 5006 seciu-

256 5029 349 5077 altnae·
368 5045 403 5057 -
426 5021 470 5074 33.
489 5027 575 5075 catera
593 5034 646 5073 om.
665 5029 689 5074 ct
709 5023 812 5074 Oronn.
834 5023 896 5072 tres.
932 5022 1021 5074 Nostri
1039 5029 1145 5073 serrant
1162 5029 1196 5073 ct.
1222 5047 1251 5058 -
1284 5021 1328 5072 33.
1349 5031 1411 5074 aunt
1429 5037 1482 5076 cm.
1503 5037 1577 5084 aee,

256 5102 318 5145 sanc
340 5093 446 5217 zonas
472 5093 491 5146 l·
535 5093 589 5146 Noe
616 5095 779 5148 seclusimus.
807 5115 843 5128 -
867 5089 930 5161 εἴδη
957 5094 1117 5162 Assentior,
1149 5099 1179 5148 nt
1205 5092 1309 5149 volebat
1330 5091 1411 5146 Scins
1441 5095 1522 5162 ἰδέας
1545 5094 1577 5158 a,

251 5165 342 5218 ΕΙΔΗ
405 5179 430 5216 ι.
