3742 5852
338 433 402 502 sos
828 415 833 420 '
857 430 1008 499 sauros
1031 430 1066 498 o.
1090 431 1143 498 aa.

325 570 418 682 ¹quas
439 612 512 661 eum
533 590 628 658 domo
649 589 778 658 haurire
799 611 865 658 uou
884 611 1011 676 posses,
1040 590 1230 660 arcessivisti
1250 611 1292 660 ex
1311 593 1392 660 urbe
1414 611 1468 671 ea,
1501 611 1582 680 quae
1605 594 1666 659 do-

337 708 409 755 mus
429 696 477 754 est
498 708 625 773 semper
643 683 752 754 habita
771 685 950 766 doetrinae,
971 688 1132 756 numerari
1152 688 1187 755 iu
1207 691 1304 774 vulgo
1322 697 1542 773 palrouorum.
1583 691 1666 754 Nam

336 779 415 870 quid
436 791 467 849 te
487 782 630 850 exercuit
650 784 851 860 Pammenes.
884 783 935 868 vij
961 782 1055 868 louge
1085 782 1359 871 eloquentissimus
1380 783 1551 852 Graeciae?
1587 781 1666 868 quid

194 877 197 886 “
235 857 257 954 (¹
317 876 392 963 ,illa
414 885 504 945 relus
524 875 693 944 Academia
714 887 808 964 atque
829 875 898 944 eius
919 881 1013 946 heres
1032 877 1173 957 Aristus,
1195 882 1311 991 boppes
1325 887 1357 945 et
1377 877 1540 945 familiaris
1561 898 1665 956 meus,
1789 933 1794 944 .

314 973 365 1038 ssi
392 974 536 1060 quidem·
549 972 665 1039 similes
689 972 817 1039 maioris
844 973 942 1060 paulis
970 981 1133 1040 oratorum
1160 972 1260 1042 lulum
1288 978 1417 1041 sumus?
1453 977 1527 1040 333.
1551 975 1664 1038 Nouue

337 1067 496 1136 ceruimus
523 1070 579 1136 rix
609 1067 740 1154 siugulis
771 1068 926 1134 aetatibus
957 1065 1049 1134 biuos
1083 1076 1224 1134 oratores
1255 1067 1428 1136 laudabiles
1461 1067 1663 1134 constitisse?

339 1161 436 1231 Galba
456 1162 516 1230 luit
535 1161 619 1230 iuter
638 1171 687 1230 tot
707 1161 854 1250 aequales
873 1183 957 1229 uuus
979 1161 1158 1242 excellens,
1175 1161 1266 1244 seui)
1289 1165 1556 1250 quemadmodum
1577 1182 1667 1229 acoe-

146 1244 245 1368 fffa
336 1259 456 1345 pimus,
489 1266 520 1325 el
549 1260 627 1326 Cato
654 1259 787 1356 cedebat
815 1256 923 1324 senior
944 1263 976 1325 et
997 1251 1066 1348 qui)
1074 1257 1270 1346 temporibus
1290 1257 1353 1326 illis
1361 1251 1667 1370 ‘pietatatiuleriores

336 1351 466 1420 fueraut
520 1349 658 1440 Lepidus
686 1361 812 1440 postea,
847 1352 964 1419 deiude
990 1355 1110 1420 Carbo:
1147 1373 1221 1420 uam
1251 1356 1384 1420 Graeebr
1410 1353 1444 1418 iu
1465 1355 1666 1418 contionibus

299 1451 437 1519 omullo
491 1448 600 1516 ciliore
623 1455 655 1514 et
674 1447 827 1516 liberiore
849 1467 967 1532 genere
988 1448 1134 1527 dicendi,
1171 1468 1307 1535 quorum
1336 1457 1441 1516 lamen
1463 1450 1605 1535 ipsorum
1626 1447 1666 1514 ad

337 1551 471 1612 aetatem
491 1543 559 1611 laus
581 1542 780 1632 eloquentiae
801 1541 1200 1628 perlaetauoudumlui13
1223 1542 1395 1622 Antonius,
1419 1544 1569 1620 Crassus,
1591 1549 1666 1631 posl

340 1639 445 1714 Colla,
469 1638 641 1727 Sulpicius,
663 1637 870 1715 Hortensius,
897 1638 979 1706 nibil
999 1638 1070 1705 dieo
1092 1638 1246 1723 amplius:
1279 1646 1398 1704 tautum
1420 1636 1509 1715 dieo,
1539 1637 1566 1703 si
1586 1638 1666 1702 mibi

338 1734 518 1813 accidisset,
539 1743 576 1802 ul
594 1754 781 1804 numerarer
801 1734 836 1800 iu
855 1731 981 1815 nullior
1012 1737 1050 1766 *¹¹
1070 1733 1099 1802 si
1120 1753 1257 1821 operosa
1277 1741 1326 1800 est
1346 1733 1544 1801 eoaeursalio
1565 1733 1666 1816 maqb

339 1835 605 1916 opportunorum,
626 1832 695 1862 *¹³*

409 2070 436 2126 d.
456 2071 584 2127 mmlm
600 2071 679 2129 erlo
698 2078 808 2128 auctore
824 2071 919 2127 bamb.
941 2095 974 2112 -
993 2072 1037 2127 ll.
1058 2033 1261 2139 dysmemoab
1279 2073 1348 2140 sola,
1366 2073 1478 2142 lleyer,
1497 2073 1612 2128 Ellendt.

847 2216 867 2256 0
1143 2215 1163 2255 O

994 2263 1015 2304 ἢ

411 2381 488 2442 Tuae
506 2381 634 2452 demum,
664 2398 725 2439 oum
749 2383 833 2439 multo
851 2387 936 2437 maior
952 2381 1028 2436 Brut!
1048 2396 1107 2448 pars
1125 2382 1160 2436 rb
1179 2385 1267 2448 oparlr
1285 2383 1406 2437 absoluta
1424 2388 1511 2446 earet,
1538 2381 1667 2437 'l'urleuur

342 2463 462 2523 perreull
485 2459 610 2512 bruscum
634 2457 766 2523 Parerqou
786 2458 844 2510 Vol.
864 2457 903 2519 l.‚
933 2457 960 2506 lu
987 2467 1040 2519 quo
1065 2469 1091 2518 p.
1117 2455 1161 2506 57.
1190 2456 1269 2507 bolus
1296 2458 1356 2508 llbrl
1374 2453 1403 2519 5.
1422 2455 1467 2507 72.
1495 2468 1601 2519 prorsus
1627 2459 1667 2506 sle

341 2531 513 2584 scribendum
531 2533 629 2593 docel,
653 2535 684 2582 aa
701 2532 814 2591 laribus,
843 2525 1068 2593 quamadmodum
1086 2527 1206 2588 ridetur,
1235 2526 1298 2580 leals
1316 2526 1441 2588 Ellendt,
1470 2531 1547 2579 eolus
1566 2527 1667 2578 Editio·

341 2615 403 2656 uem
421 2604 530 2656 alteram
548 2602 591 2654 llle
609 2601 729 2654 noudum
747 2599 859 2654 rideres.
895 2597 1023 2650 Rllsoblio
1042 2604 1131 2650 autem
1149 2604 1215 2650 teste
1232 2599 1276 2648 eol
1292 2597 1374 2663 allus
1391 2599 1511 2649 oousuleo
1534 2599 1603 2650 edldl
1617 2611 1666 2662 eqo

341 2671 630 2798 bellellzll
649 2672 731 2808 *llll
760 2667 1667 2804 darabsabas⁶2⁰1elle‘tallotelll‘l'ileb

341 2813 571 2940 Pmlliudp'rffro
592 2883 763 2950 (quamquam
781 2895 830 2946 par
849 2895 878 2934 se
897 2876 1075 2947 letabimur),
1105 2892 1148 2934 me
1166 2882 1194 2932 lu
1213 2831 1353 2944 omulbus,
1374 2894 1444 2948 quaa
1462 2882 1496 2936 de
1514 2881 1666 2948 brqomsrs.

346 2955 432 3010 codd.
452 2957 552 3017 resero.
572 2959 653 3008 uulee
671 2956 787 3020 pandera
805 2968 836 3007 ex
849 2953 976 3006 Elleadlll
996 2954 1152 3004 testimoniis
1172 2953 1240 3005 alara
1253 2953 1296 3004 blo
1309 2955 1535 3016 pronuntiandum
1549 2967 1666 3014 ceaseo;

342 3028 434 3089 uude,
461 3030 502 3090 al,
530 3040 596 3092 quor
615 3027 658 3079 llle
677 3027 809 3079 eommlrla
827 3037 949 3086 errores,
968 3022 1112 3088 anquando
1130 3023 1238 3076 fortasse
1258 3024 1433 3089 detegentur,
1463 3038 1511 3091 eqo
1531 3033 1667 3079 cenaeos

343 3111 394 3154 uer
411 3103 547 3165 praesare
566 3111 654 3163 queo,
679 3110 768 3164 uequo
785 3109 848 3154 reru
872 3096 953 3149 ullam
978 3102 1120 3163 propterea
1138 3096 1243 3162 eulpam
1260 3099 1287 3149 lu
1305 3108 1348 3150 ms
1366 3100 1493 3151 ooumrl.
