3720 5840
287 420 330 484 'ib
800 417 853 482 Ab
875 417 1106 484 uaaaaawu

288 586 364 647 tur‘l
380 578 464 667 quod
480 599 604 646 oausam
619 587 756 645 vestram
770 599 864 646 nemo
878 580 1047 665 suscipiat?
1063 582 1148 664 quod
1161 600 1194 645 sc
1205 599 1300 646 nemo
1308 583 1403 646 vestri
1412 579 1613 650 defensorem

289 675 492 763 profiteatur?
529 673 564 740 ld
593 673 720 740 tribuite
742 685 863 741 vestrae
892 673 1002 760 culpae
1024 682 1116 760 atque
1139 677 1271 740 desinite
1294 677 1412 741 mirari.
1459 676 1542 754 Quid
1566 689 1615 745 est

288 771 393 847 enim,
417 791 515 856 quare
537 790 601 835 non
624 790 734 834 omnes
756 770 846 834 istam
869 789 935 833 rem
958 768 1067 854 sugere
1090 790 1125 834 ac
1148 773 1246 834 vitare
1269 769 1428 836 debeant?
1457 777 1614 840 Recorda-

289 865 381 942 mini,
413 885 493 953 quos
515 863 685 930 habueritis
708 863 908 942 deiensores;
946 866 1047 929 studia
1069 885 1179 930 eorum
1202 867 1293 931 vobis
1315 874 1385 930 ante
1408 867 1517 933 oculos
1540 889 1613 954 pro·

266 962 412 1049 aponite3
444 963 558 1026 deinde
585 962 688 1026 exitus
710 962 850 1025 omnium
872 961 1079 1025 considerate.
1126 964 1204 1024 Tum
1228 962 1316 1026 vobis
1338 963 1444 1026 veniet
1470 962 1502 1026 in
1525 986 1613 1028 men-

289 1069 373 1134 tem,
406 1066 439 1123 ut
460 1079 536 1122 vere
558 1058 677 1132 dicam,
713 1055 901 1140 negligentia
922 1062 1025 1119 vestra
1048 1056 1114 1118 sive
1137 1055 1261 1138 ignaria
1284 1057 1386 1137 potius
1408 1055 1479 1121 illos
1501 1076 1614 1125 omnes

288 1162 360 1218 ante
382 1151 491 1218 oculos
513 1159 636 1217 vestros
658 1154 829 1215 trucidatos
852 1170 940 1225 csse,
963 1148 1107 1212 inimicos
1131 1170 1241 1212 eorum
1263 1151 1375 1214 restris
1399 1150 1557 1236 suffragiis
1580 1155 1613 1218 in

289 1249 515 1334 amplissimum
538 1249 642 1312 locum
665 1247 858 1333 pervenisse.
904 1247 999 1309 ltem:
1035 1247 1112 1308 Nam
1134 1246 1210 1329 quid
1232 1242 1308 1318 suit,
1340 1244 1477 1321 iudices,
1515 1267 1612 1332 quare

289 1346 322 1408 ia
344 1344 507 1408 sententiis
529 1339 667 1406 ferendis
690 1338 905 1404 dubitaveritis
928 1346 981 1402 aut
1006 1340 1100 1403 istum
1124 1340 1285 1403 hominem
1308 1340 1462 1405 nefarium
1485 1344 1614 1429 amplia·

251 1452 279 1492 1⁰
289 1439 418 1502 veritis?
440 1457 504 1502 non
527 1437 742 1522 apertissimae
763 1456 815 1498 res
837 1440 925 1498 erant
947 1433 1070 1497 crimini
1092 1433 1204 1498 damet
1226 1455 1290 1498 non
1313 1454 1423 1499 omnes
1445 1437 1503 1500 hae
1526 1435 1613 1500 testi·

289 1535 348 1597 bus
376 1533 624 1614 comprobatae?
660 1548 724 1595 non
759 1536 868 1593 contra
896 1527 1032 1592 tenuiter
1060 1535 1092 1591 et
1117 1528 1281 1612 nugatorie
1308 1534 1516 1612 responsum?
1554 1532 1614 1595 Hie

288 1646 345 1692 vos
367 1627 459 1692 veriti
480 1624 576 1701 estis,
608 1626 635 1688 si
656 1625 759 1709 primo
782 1632 876 1688 coetu
896 1620 1177 1696 condemnassetis,
1209 1645 1249 1688 ne
1279 1623 1422 1689 crudeles
1451 1626 1611 1690 existima·

289 1723 425 1786 remini?
468 1725 549 1786 Dum
585 1741 654 1785 eam
688 1718 806 1783 vitastis
834 1716 1114 1802 vituperationem,
1149 1737 1228 1803 quae
1255 1717 1349 1803 longe
1383 1739 1400 1783 a
1429 1719 1519 1784 vobis
1548 1730 1615 1786 erat

289 1813 431 1888 afutura,
454 1836 523 1879 eam
546 1815 723 1889 invenistis,
745 1821 781 1879 ut
803 1814 901 1876 timidi
923 1821 1016 1896 atque
1039 1811 1142 1896 ignavi
1164 1813 1364 1898 putaremini.
1410 1816 1560 1879 Maximae
1583 1823 1615 1879 et

252 1912 425 1997 1⁵priuatss
446 1917 479 1974 et
499 1908 639 1995 publicas
662 1907 851 1974 calamitates
873 1907 1050 1992 accepistis3
1075 1927 1146 1970 cum
1168 1906 1262 1972 etiam
1279 1908 1414 1972 maiores
1429 1909 1612 1992 impendere

289 2006 472 2080 videantur,
496 2006 612 2069 sedetis
635 2013 666 2068 et
680 2005 868 2069 oscitamini.
913 2004 997 2066 Luce
1020 2009 1160 2077 noctem,
1185 2011 1278 2067 nocte
1294 2002 1395 2068 lucem
1413 2002 1612 2089 exspectatis.

289 2097 416 2183 Aliquid
438 2101 578 2184 quotidie
600 2102 705 2164 acerbi
727 2107 821 2185 atque
843 2096 1034 2162 incommodi
1056 2098 1217 2178 nuntiatur
1240 2106 1271 2162 et
1293 2119 1383 2171 eum,
1406 2103 1494 2163 caius
1515 2118 1614 2183 opera

289 2191 380 2258 nobis
402 2192 482 2257 haec
503 2196 665 2269 accidunt,
703 2213 760 2257 vos
788 2192 990 2258 remoramini
1019 2193 1136 2256 diutius
1164 2201 1195 2256 et
1224 2192 1303 2257 alitis
1331 2196 1368 2257 ad
1398 2195 1444 2259 rei
1471 2193 1613 2278 publicae

289 2289 461 2373 perniciem
487 2286 658 2372 inclinetis,
691 2285 795 2373 quoad
817 2288 961 2372 potestis,
997 2288 1030 2350 in
1059 2285 1205 2370 civitate].
1249 2290 1407 2354 xxxva.
1441 2291 1492 2354 ta.
1524 2290 1615 2352 Eius·

253 2381 376 2448 ”modi
399 2384 523 2448 licentia
545 2385 572 2449 si
594 2384 725 2449 nimium
747 2381 906 2448 videbitur
926 2383 1115 2448 acrimoniae
1144 2383 1283 2455 habere,
1314 2381 1419 2448 multis
1449 2385 1617 2468 mitigatio·
1677 2399 1682 2415 '

289 2477 382 2544 nibus
405 2480 550 2544 lenietur.
596 2481 675 2542 Nam
710 2479 858 2542 continuo
890 2476 1007 2562 aliquid
1039 2477 1220 2540 huiusmodi
1252 2474 1361 2541 licebit
1382 2476 1520 2543 inferre:
1556 2479 1615 2543 Hic

290 2594 350 2658 ego
372 2575 520 2640 virtutem
541 2584 676 2640 vestram
699 2593 839 2660 quaero,
872 2573 1055 2659 sapientiam
1079 2573 1242 2646 desidero,
1276 2581 1418 2638 veterem
1448 2582 1616 2640 consuetu·

291 2671 395 2734 dinem
418 2668 558 2755 requiro.
605 2670 699 2745 Quod
727 2669 787 2732 erit
816 2675 1008 2732 commotum
1038 2667 1182 2742 licentia,
1218 2665 1250 2731 id
1279 2669 1486 2733 constituetur
1513 2667 1614 2743 laude,

290 2771 326 2828 ut
340 2765 437 2828 alters
453 2783 502 2827 res
517 2765 556 2827 ab
578 2764 738 2826 iracundia
753 2771 785 2826 et
798 2760 940 2826 molestia
955 2768 1131 2834 removeat,
1154 2761 1252 2826 altera
1266 2765 1305 2827 ab
1321 2771 1425 2828 errato
1440 2766 1609 2829 deterreat.

253 2859 378 2922 “Haec
399 2877 451 2920 res
473 2858 553 2922 sicut
574 2858 606 2919 in
628 2855 785 2928 amicitia,
808 2854 883 2919 item
905 2858 938 2919 in
959 2856 1108 2927 dicendo,
1133 2853 1160 2919 si
1183 2857 1254 2921 loco
1282 2855 1335 2934 fit,
1371 2858 1508 2923 maxima
1531 2857 1615 2932 iacit,

292 2960 380 3019 utet
401 2951 460 3025 illi,
498 2953 552 3038 qui
582 2949 730 3026 audient,
765 2971 784 3015 a
814 2948 905 3036 culpa
933 2951 1052 3025 absint,
1088 2957 1121 3014 et
1149 2971 1223 3025 nos,
1258 2951 1311 3038 qui
1341 2953 1489 3025 dicimus.
1524 2955 1616 3018 amici

291 3051 432 3134 ipsorum
454 3056 485 3112 et
505 3045 643 3112 veritatis
658 3067 726 3110 esse
741 3045 914 3110 videamur.
956 3047 1013 3108 Est
1026 3052 1130 3109 autem
1146 3047 1304 3131 quoddam
1320 3067 1418 3132 genus
1434 3046 1466 3110 in
1482 3045 1615 3111 dicendo

291 3143 454 3215 licentiae,
487 3144 572 3228 quod
594 3142 744 3205 astutiora
766 3143 888 3205 ratione
910 3147 1127 3223 comparatur,
1162 3160 1232 3204 cum
1263 3149 1317 3206 aut
1338 3144 1381 3206 ita
1413 3143 1617 3225 obiurgemus

294 3256 367 3312 eos,
403 3237 458 3324 qui
480 3235 630 3308 audiunt,
665 3237 824 3321 quomodo
852 3233 912 3319 ipsi
936 3254 969 3297 se
992 3233 1122 3318 cupiunt
1150 3233 1330 3319 obiurgari,
1366 3243 1421 3301 aut
1448 3236 1496 3310 id,
1529 3238 1617 3322 quod

256 3332 408 3397 ³⁰seimus
430 3330 520 3396 facilc
542 3351 651 3396 omnes
673 3329 849 3401 audituros,
873 3326 1005 3392 dicimus
1028 3349 1085 3393 nos
1106 3330 1233 3400 timere,
1263 3334 1423 3415 quomodo
1445 3330 1614 3411 accipiant,

293 3428 349 3492 sed
370 3433 474 3492 tamen
495 3427 625 3492 veritate
648 3426 861 3498 commoveri,
894 3430 929 3487 ut
958 3423 1057 3488 nihilo
1086 3426 1188 3490 secius
1211 3423 1362 3491 dicamus.
1408 3427 1530 3490 Horum
1552 3445 1618 3490 am·

362 3679 388 3726 2.
409 3683 487 3739 utque
505 3689 557 3726 orn.
577 3676 618 3726 ΡΡ
637 3680 664 3726 et
683 3687 722 3736 ar.
743 3673 774 3724 Α.
796 3701 828 3710 -
846 3676 918 3726 istud
934 3677 1043 3727 desinite
1061 3677 1105 3726 BT
1126 3683 1153 3728 et
1170 3689 1237 3728 corr.
1258 3678 1314 3728 aa.
1330 3703 1359 3714 —
1380 3682 1417 3727 est
1429 3679 1498 3727 enim
1511 3677 1616 3729 Para:

294 3750 362 3800 enim
380 3755 416 3798 est
436 3748 490 3798 aa.
513 3773 540 3784 -
561 3747 588 3796 ls.
607 3749 696 3810 ponite
715 3746 781 3797 aar
800 3752 826 3797 st
845 3760 884 3806 nr.
904 3749 937 3798 Α.
954 3773 980 3785 -
1003 3749 1029 3798 5.
1049 3751 1138 3800 ventat
1157 3749 1223 3798 ΑΡΤ
1242 3757 1269 3799 ct
1288 3761 1326 3810 pr.
1348 3748 1377 3798 Ρ.
1393 3773 1422 3784 -
1442 3747 1485 3798 14.
1507 3749 1619 3813 afuturo

294 3822 387 3881 scripsi
407 3832 466 3870 cum
486 3817 601 3869 Baitero.
640 3817 724 3868 codd.
745 3818 873 3867 fluctuant
892 3823 961 3869 inter
979 3819 1034 3881 obs.
1055 3817 1111 3879 (a.)
1131 3827 1158 3869 et
1176 3818 1222 3884 ary.
1244 3843 1274 3855 -
1296 3817 1340 3868 td.
1363 3816 1512 3883 terascea]
1533 3822 1618 3871 Locus

295 3903 425 3955 perquam
444 3888 560 3939 dubtuss
589 3890 642 3938 luci
660 3889 720 3947 ΡΒ,
747 3887 865 3949 Canen,
895 3903 946 3940 aar.
967 3890 1003 3948 F,
1033 3889 1104 3948 Eri..
1135 3897 1260 3954 quattuor
1285 3889 1356 3941 Oud.
1386 3897 1413 3940 st
1432 3903 1471 3950 nr.
1492 3893 1533 3948 Α.
1563 3891 1615 3943 dcl.

295 3976 361 4013 corr.
382 3962 412 4012 P.
435 3983 465 3996 -
484 3956 569 4024 occis]
588 3973 643 4009 oon
662 3960 716 4013 ΡΡ,
736 3959 811 4018 Est,
833 3969 960 4021 quattuor
978 3959 1069 4020 Oud,
1096 3974 1149 4010 om.
1173 3974 1212 4023 nr.
1233 3962 1263 4009 Α.
1297 3959 1390 4022 (Erana
1419 3961 1544 4022 licerent,
1563 3976 1618 4013 noo

295 4034 376 4084 lucem
395 4033 429 4090 F,
450 4045 490 4094 pr.
509 4031 547 4089 rt,
567 4029 635 4081 corr.
657 4031 694 4090 P,
716 4030 790 4084 Eri..
810 4039 936 4092 quattuor
954 4028 1038 4092 Oud.)
1062 4054 1095 4068 -
1122 4029 1166 4081 18.
1194 4031 1270 4082 nobis
1289 4030 1376 4081 ΡΒΡΤ
1395 4031 1517 4094 alitque:
1544 4035 1618 4084 nobis

296 4104 375 4154 aaa.
397 4128 428 4139 -
458 4115 504 4152 uos
522 4105 691 4152 remoramini
717 4101 870 4152 PABFRT:
903 4102 1074 4152 remoramini
1098 4099 1160 4165 (om.
1186 4101 1241 4163 nos)
1262 4101 1292 4152 s.
1321 4125 1352 4136 -
1385 4103 1422 4152 od
1443 4105 1483 4153 res·
1497 4103 1619 4165 publicas

294 4174 431 4226 Passus
448 4175 563 4236 alitque:
584 4186 616 4223 oc
633 4175 672 4223 rei
689 4173 809 4235 publicos
830 4173 868 4231 s,
888 4179 967 4236 utque
986 4173 1022 4221 od
1035 4174 1074 4224 ret
1089 4174 1209 4234 autimas
1227 4173 1258 4222 L.
1296 4173 1443 4235 Utrumque
1462 4179 1618 4228 arrctorttsts

296 4254 375 4298 caret.
399 4271 428 4282 -
461 4245 504 4295 ta.
527 4243 573 4294 Vr.
593 4245 709 4294 retinetis
727 4271 736 4282 ·
756 4271 766 4281 ·
785 4246 911 4302 dolente,
932 4256 1000 4305 quse
1019 4245 1188 4300 seclusimus,
1212 4246 1351 4306 antiquum
1370 4246 1494 4296 ridentur
1512 4259 1619 4308 praces-

297 4317 417 4368 o'cnttum
435 4315 513 4378 gloss.
533 4340 567 4350 —
584 4315 628 4365 2³.
649 4315 726 4376 Quod
744 4313 824 4364 aar:
844 4320 873 4363 ut
891 4316 959 4378 wad
978 4314 1087 4370 BRTE,
1107 4320 1132 4365 st
1148 4314 1220 4377 qaod
1238 4314 1299 4365 Sela.
1321 4341 1350 4352 -
1371 4317 1534 4367 commodum
1552 4318 1616 4369 Era.

297 4388 411 4449 oneras.
442 4407 473 4420 -
504 4387 677 4436 emittuntur
696 4398 734 4447 nr.
754 4384 790 4444 P,
819 4383 927 4448 Grynbtl
956 4385 1024 4435 dua:
1051 4388 1235 4449 comprimetur
1260 4399 1298 4446 nr.
1318 4385 1359 4444 A,
1379 4399 1448 4438 corr.
1468 4387 1488 4437 Ρ
1507 4391 1617 4451 stltquc,

297 4456 543 4520 comprimatur,
573 4459 707 4521 mittqetur
733 4455 779 4506 RE
804 4461 830 4508 et
857 4467 925 4505 corr.
946 4456 978 4504 Α.
1005 4455 1047 4520 (V.
1068 4460 1225 4506 constituere
1244 4461 1387 4518 opponitur
1404 4472 1428 4509 r.
1449 4471 1617 4523 remordaces,
1706 4451 1708 4454 ’

297 4537 327 4582 ut
344 4530 402 4580 btv.
422 4528 465 4580 35.
485 4527 538 4577 28:
559 4526 740 4590 Philopoemen
759 4539 852 4590 oqmsn
870 4527 1025 4585 constituit,
1044 4527 1069 4576 td
1090 4535 1146 4585 est,
1166 4531 1259 4578 statere
1278 4529 1386 4590 gradum
1407 4530 1504 4588 tussit.)
1525 4553 1553 4566 ·-
1573 4531 1618 4581 at.

296 4601 383 4651 ultera
399 4611 441 4649 rea
458 4597 491 4648 ol
505 4598 611 4659 auur,
633 4599 663 4648 L.
680 4624 708 4636 -
729 4597 772 4648 ΡΞ).
792 4599 852 4647 item
869 4596 932 4646 PBF
952 4603 978 4648 st
996 4609 1036 4660 pr.
1050 4599 1087 4647 A:
1107 4599 1398 4649 incurreremus.
1414 4627 1444 4638 -
1464 4600 1572 4651 dicendo
1590 4602 1620 4666 tit

296 4673 410 4723 mommo
428 4668 463 4730 P,
481 4669 591 4720 dicendo
607 4671 723 4720 maxims
740 4668 760 4717 F
779 4675 805 4719 st
824 4681 862 4728 nr.
882 4669 914 4717 Α.
938 4664 1064 4729 (lituos,
1086 4681 1153 4720 corr.
1173 4667 1219 4732 Α.)
1239 4669 1330 4720 Forte
1361 4671 1432 4721 Hace
1451 4684 1491 4722 rer
1509 4673 1534 4720 st
1551 4674 1621 4724 sicut

295 4746 326 4794 to
343 4742 466 4792 amicitia
484 4742 545 4792 trem
563 4741 709 4791 indicendo
726 4741 770 4806 fit,
789 4738 905 4789 mcctms
922 4738 1047 4789 Barr-
1064 4738 1108 4790 26.
1129 4740 1256 4796 diurnus,
1276 4742 1354 4791 amiel
1373 4739 1435 4804 cet]
1456 4742 1541 4792 Locus
1561 4757 1620 4803 osr-

297 4826 376 4879 qusm
388 4812 493 4863 dubius.
514 4812 547 4861 ur
559 4824 624 4872 nos,
645 4824 713 4861 corr.
727 4810 751 4860 Α
763 4815 790 4862 et
803 4809 825 4859 T
837 4845 844 4869 ,
864 4811 913 4858 nist
927 4810 999 4873 quod
1012 4811 1167 4862 blesorum.
1182 4833 1214 4846 -
1233 4809 1356 4870 (dimensa
1368 4821 1455 4862 tumea
1466 4815 1621 4875 attacorum

295 4886 416 4937 emiolia
433 4883 626 4935 assumemur
648 4882 687 4944 Ρ,
713 4881 823 4933 dicimus
847 4886 934 4930 tamen
957 4889 1014 4932 tom
1035 4883 1163 4933 smtsntto
1181 4895 1272 4932 sorum
1288 4886 1335 4947 qut
1352 4883 1444 4933 dicant
1462 4883 1570 4945 (dictatu
1587 4884 1621 4946 A)

296 4969 376 5023 quom
395 4953 538 5017 dequibus
555 4955 652 5004 dicitur
669 4966 733 5003 osea
750 4953 879 5004 antenna
897 4952 917 5002 Ρ
935 4958 961 5004 et
979 4965 1020 5016 pr.
1039 4954 1078 5010 Α,
1104 4955 1175 5014 ipsos
1193 4956 1339 5006 ueritiam
1356 4954 1493 5004 uideamur
1514 4968 1565 5018 mg.
1589 4956 1619 5006 Ρ.

297 5027 404 5080 Ceteras
423 5024 507 5074 Codd.
526 5025 618 5076 turbas
639 5024 697 5075 vldc
717 5026 743 5072 tn
763 5021 972 5086 Gracile-Oud.)
989 5048 1023 5060 -
1046 5022 1089 5073 27.
1108 5025 1138 5072 tn
1154 5025 1262 5076 dicendo
1281 5026 1401 5078 iteratim
1418 5023 1523 5078 PART:
1544 5025 1621 5080 liem-

297 5099 351 5154 tioe
375 5099 406 5150 tn
422 5095 531 5148 dicando
550 5095 625 5148 ΒΓΕ.
645 5119 679 5137 -
696 5093 741 5148 29.
761 5096 873 5160 cantant
891 5092 970 5146 ltbrlr
990 5096 1100 5164 eapwnt
1118 5094 1139 5146 E
1160 5098 1230 5150 cont.
