3746 5850
281 309 343 416 uss
686 307 1204 378 onnromnnrnnrrnonus

278 476 405 541 tertium
426 475 628 541 iudiciorum.
673 473 889 551 Quamobrem
909 472 950 538 do
972 472 1075 557 primo
1097 471 1248 559 primum,
1272 471 1299 537 si
1322 473 1438 560 placat,
1461 473 1600 560 disputo·

279 589 362 638 rnus.
409 571 497 635 (1.7.
521 568 598 634 llibi
618 589 696 634 vero
717 567 830 653 placet.

363 667 450 730 XXI.
473 666 508 729 C.
524 667 559 728 P.
582 665 628 728 Ac
649 660 795 728 laudandi
817 659 1076 748 vituperandique
1098 662 1250 738 rationes,
1272 683 1353 750 quac
1376 683 1440 731 nou
1461 663 1602 732 sabens

280 761 448 826 dicendum
469 761 573 825 solum
594 761 650 824 sed
673 760 767 824 etiam
789 759 830 822 ad
851 759 982 822 honeste
1004 755 1174 823 vivendum
1201 756 1322 834 valent,
1354 779 1509 846 exponam
1530 758 1603 827 bre-

257 857 478 938 eniteretque
502 874 521 918 a
541 851 703 938 principiis
725 850 873 918 exordiar
894 860 926 917 et
946 850 1096 919 laudandi
1117 861 1148 918 et
1160 854 1369 940 vituperandi.
1415 859 1466 920 71.
1490 857 1603 923 Omnia

279 952 364 1016 euim
386 957 458 1016 sunt
477 947 621 1036 prolecto
642 949 817 1024 laudanda,
840 965 921 1034 qnae
942 945 1109 1013 coniuncta
1130 967 1201 1013 cum
1222 950 1337 1016 virtute
1358 957 1447 1028 suut,
1469 959 1500 1017 et
1521 973 1602 1039 qnae

279 1066 351 1110 cum
364 1044 464 1120 vitiis,
485 1041 702 1128 vituperanda.
748 1045 963 1122 Quamobrem
985 1041 1055 1108 finis
1076 1043 1205 1108 alterius
1219 1052 1267 1108 est
1280 1047 1450 1122 honestas,
1474 1045 1601 1113 alterius

278 1139 454 1223 turpitudo.
500 1137 669 1205 Conficitur
689 1145 792 1204 autem
816 1159 913 1224 genus
934 1141 995 1203 boc
1011 1139 1154 1203 dictionis
1168 1139 1331 1205 narrandis
1346 1141 1602 1230 exponendisque

278 1231 370 1299 lactis
399 1232 467 1298 sine
492 1234 564 1300 ullis
593 1235 936 1317 argumentationibus,
974 1231 1014 1298 ad
1042 1231 1139 1297 animi
1165 1243 1267 1298 motus
1289 1236 1402 1301 leniter
1423 1241 1602 1303 tractandos

240 1349 270 1392 ao
279 1331 380 1412 magis
402 1347 496 1414 quam
517 1326 556 1393 ad
578 1326 673 1394 iidem
694 1327 870 1395 faciendam
892 1336 946 1394 aut
971 1324 1214 1393 confirmandam
1241 1333 1486 1396 accommodate.
1530 1334 1602 1396 Non

279 1425 364 1489 enim
393 1422 490 1490 dubia
517 1421 693 1500 firmantur,
726 1426 783 1489 sed
811 1443 866 1500 ea,
900 1443 981 1508 quae
1006 1430 1090 1487 certa
1111 1428 1165 1488 aut
1186 1443 1245 1507 pro
1268 1425 1363 1491 certis
1385 1428 1487 1510 posita
1508 1435 1598 1504 sunt,

278 1526 443 1602 augentur.
488 1519 704 1597 Quamobrem
732 1537 773 1582 ex
800 1516 857 1595 iis,
896 1537 976 1604 quae
1003 1525 1075 1582 ante
1103 1517 1184 1582 dicta
1212 1528 1302 1596 sunt,
1341 1529 1373 1586 et
1399 1520 1546 1587 narrandi
1568 1529 1601 1586 et

278 1611 416 1696 augendi
435 1621 602 1698 praecepta
617 1621 814 1700 repetentur.
858 1616 908 1678 72.
930 1615 987 1687 Et,
1011 1611 1159 1696 qnoniam
1174 1611 1206 1678 in
1220 1613 1269 1680 his
1285 1617 1387 1681 causis
1402 1617 1503 1682 omnis
1517 1618 1598 1681 ratio

278 1705 346 1772 fere
368 1709 408 1782 ad
430 1706 622 1794 voluptatem
644 1707 795 1773 auditoris
818 1719 850 1772 et
870 1705 909 1772 ad
930 1705 1169 1772 delectationem
1189 1706 1344 1786 refertur,
1370 1715 1519 1776 utendum
1542 1709 1602 1775 erit

241 1803 325 1867 oseis
347 1802 380 1866 iu
402 1801 545 1867 oratioue
567 1801 762 1888 singulorum
783 1803 957 1867 verborum
977 1799 1166 1883 insignibus,
1196 1823 1275 1887 quae
1297 1801 1411 1870 babent
1431 1805 1600 1892 plurimum

278 1895 456 1974 suavitatis3
494 1895 527 1962 id
547 1895 601 1974 fit,
636 1895 773 1963 silaciis
795 1892 901 1961 verbis
923 1893 1128 1960 antvetustis
1157 1906 1210 1961 aut
1239 1898 1392 1965 translatis
1420 1899 1602 1988 frequenter

277 1998 418 2066 utamur,
446 1998 477 2055 et
498 1990 531 2055 in
551 1993 619 2078 ipsa
641 1991 876 2058 constructione
897 1988 1088 2065 verborum,
1118 1996 1153 2053 ut
1174 1989 1261 2075 paria
1282 1995 1411 2078 paribus
1434 2002 1466 2061 et
1485 1997 1599 2062 similia

277 2082 430 2148 similibus
452 2105 547 2170 saepe
569 2085 762 2161 referantur,
799 2093 834 2150 ut
854 2085 1028 2158 contraria,
1056 2093 1091 2149 nt
1112 2083 1281 2168 geminata,
1311 2095 1347 2150 ut
1367 2088 1601 2175 circumscripta

276 2199 463 2256 numerose,
497 2201 561 2245 non
591 2183 631 2246 ad
661 2179 896 2246 similitudinem
926 2198 1076 2245 versuum
1105 2176 1160 2244 sed
1188 2181 1228 2244 ad
1256 2183 1447 2265 explendum
1478 2187 1599 2250 aurium

238 2293 403 2340 assensum
425 2281 498 2359 apto
521 2279 658 2362 quodam
674 2277 763 2360 quasi
777 2272 948 2341 verborum
964 2277 1070 2340 modo.
1115 2278 1167 2339 73.
1192 2273 1438 2366 adhibendaque
1453 2277 1601 2364 frequen-

275 2370 338 2434 tius
361 2370 455 2434 etiam
476 2367 530 2435 illa
551 2379 734 2436 ornamenta
754 2391 863 2436 rerum
886 2377 974 2446 suut,
998 2369 1064 2435 sive
1080 2389 1160 2454 quae
1182 2369 1375 2437 admirabilia
1398 2381 1430 2439 et
1450 2395 1508 2439 nec
1530 2375 1599 2457 opi-

275 2465 437 2530 natusive
459 2462 633 2549 significata
654 2467 822 2542 monstris,
845 2463 1016 2551 prodigiis,
1039 2463 1192 2541 oraculis,
1221 2467 1286 2530 sive
1309 2488 1390 2554 quae
1411 2467 1601 2533 videbuntur

277 2559 323 2634 ei,
352 2558 477 2647 dequo
499 2550 657 2645 agemus,
681 2559 832 2626 cecidisse
855 2559 960 2626 divina
982 2569 1074 2644 atque
1094 2557 1209 2624 satalia.
1234 2561 1362 2646 {Omnis
1384 2561 1466 2628 enim
1489 2582 1600 2648 exspe-

149 2654 173 2725 2'
277 2656 370 2720 otatio
394 2653 483 2732 eius>
513 2655 567 2741 qui
589 2656 691 2728 audit,
704 2702 711 2732 ,
724 2662 757 2720 et
777 2653 943 2721 admiratio
965 2663 996 2720 et
1016 2653 1178 2740 improvisi
1201 2653 1306 2720 exitus
1328 2659 1443 2742 babent
1462 2657 1599 2742 aliquam

238 2747 311 2814 asin
331 2749 488 2815 audiendo
511 2747 713 2835 voluptatem.
755 2752 859 2815 XXII.
883 2750 936 2814 76.
972 2747 1034 2814 Sed
1062 2747 1211 2833 qnoniam
1238 2749 1339 2814 tribus
1367 2749 1400 2816 in
1431 2755 1600 2837 generibus

275 2842 359 2911 bona
380 2843 500 2910 malave
522 2851 704 2921 versantur,
727 2844 880 2921 externis,
903 2845 1047 2927 corporis
1071 2851 1103 2907 et
1116 2842 1230 2920 animi,
1253 2847 1355 2927 prima
1371 2853 1442 2910 sunt
1456 2853 1598 2922 externa,

276 2959 357 3026 qnae
378 2938 536 3006 ducuntur
557 2960 576 3004 a
597 2959 733 3024 genere3
771 2959 835 3026 quo
864 2938 1002 3004 breviter
1029 2940 1215 3021 modiceque
1236 2939 1364 3005 laudato
1385 2948 1456 3017 aut,
1492 2942 1517 3004 si
1541 2942 1601 3004 erit

276 3035 411 3107 infame,
434 3037 674 3117 praetermisso,
708 3033 735 3099 si
757 3033 894 3110 humile,
922 3036 973 3099 vel
995 3031 1166 3117 praeterito
1188 3032 1238 3098 vel
1260 3034 1495 3118 adaugendam
1518 3037 1598 3110 eius,

277 3149 371 3215 quem
393 3126 517 3202 laudes,
540 3128 674 3212 gloriam
696 3138 813 3205 tracto,
836 3130 1005 3216 deinceps,
1029 3129 1056 3194 si
1077 3147 1127 3194 res
1148 3129 1305 3213 patietur,
1330 3133 1369 3193 de
1382 3127 1516 3195 fortunis
1540 3131 1601 3193 erit

238 3231 310 3289 uet
329 3221 528 3289 facultatibus
551 3221 731 3313 dicendum.
776 3226 891 3290 Postea
912 3226 953 3289 de
975 3225 1118 3306 corporis
1139 3223 1250 3302 bonis;
1272 3225 1303 3288 in
1326 3223 1440 3311 quibus
1462 3222 1598 3309 quidem,

277 3337 357 3406 quae
380 3321 527 3384 virtutem
548 3321 684 3384 manime
705 3317 877 3404 significat,
908 3317 1056 3385 facillime
1077 3319 1179 3383 forma
1200 3316 1354 3383 laudatur.
1400 3322 1451 3384 75.
1480 3317 1600 3384 Deinde

277 3423 325 3479 est
344 3411 386 3479 ad
406 3413 487 3478 facta
509 3413 717 3490 veniendum,
752 3434 886 3501 quorum
910 3411 1076 3480 collocatio
1100 3412 1216 3496 triplex
1238 3420 1302 3477 est:
1334 3421 1394 3477 aut
1416 3413 1498 3477 enim
1520 3421 1600 3478 tem·

276 3529 392 3594 porum
412 3507 584 3575 servandus
606 3516 653 3574 est
675 3507 771 3584 ordo,
800 3518 854 3573 aut
875 3508 1030 3593 imprimis
1051 3507 1301 3574 recentissimum
1325 3506 1471 3593 quodque
1493 3506 1601 3572 dieen-

278 3607 370 3681 dum,
394 3611 447 3669 aut
468 3603 565 3669 multa
587 3612 618 3669 et
639 3603 725 3669 varia
746 3602 827 3670 lacta
840 3605 874 3667 in
889 3603 1016 3689 propria
1034 3602 1182 3669 virtutum
1200 3622 1314 3687 genera
1329 3610 1401 3666 suut
1415 3601 1596 3686 digerenda.

239 3711 267 3756 ³⁵
279 3703 341 3766 Sed
362 3699 415 3765 hio
436 3699 525 3765 locus
546 3700 696 3765 virtutum
719 3706 812 3786 atque
834 3699 983 3763 vitiorum
1006 3698 1283 3782 latissime‘pateus
1305 3696 1472 3764 camullia
1495 3706 1525 3761 et
1546 3719 1600 3762 va-

276 3797 333 3861 riis
363 3794 627 3879 disputationibus
655 3815 738 3859 nunc
760 3796 793 3858 in
817 3796 971 3880 quandam
994 3802 1155 3878 angustam
1178 3801 1210 3857 et
1230 3795 1360 3858 brevem
1384 3789 1596 3857 concludetur.

277 3893 330 3956 76.
362 3893 418 3955 Est
438 3889 535 3974 igitur
556 3890 603 3955 vis
625 3887 749 3954 virtutis
771 3886 905 3973 duplex3
934 3895 988 3952 aut
1010 3891 1092 3952 enim
1115 3886 1243 3952 scientia
1266 3886 1405 3951 cernitur
1426 3888 1525 3951 virtus
1546 3895 1600 3952 aut

159 4025 179 4078 ·.
277 3983 411 4051 actione.
433 3982 444 4070 l
457 3986 555 4060 Nam,
584 4002 664 4081 quae
686 3985 867 4069 prudentia,
897 4003 982 4068 quae
1000 3981 1149 4047 calliditas
1171 4002 1313 4069 quaeque
1336 3981 1521 4067 gravissimo
1544 4001 1600 4046 no·
1700 4051 1706 4060 ,

348 4211 374 4262 6.
394 4211 428 4263 at
446 4212 478 4263 li·
498 4234 532 4249 -
550 4211 577 4262 6.
597 4213 740 4262 coniuncto
757 4224 811 4263 om.
831 4212 887 4264 RV.
919 4211 1006 4271 Vide,
1027 4217 1155 4264 narsete.
1178 4235 1208 4248 -
1228 4213 1270 4262 il.
1291 4223 1322 4260 eu
1342 4225 1394 4262 om·
1408 4210 1441 4260 V.
1462 4235 1495 4246 -·
1513 4208 1595 4274 carto]

278 4290 377 4337 tertotu
396 4283 481 4334 Oxou.
502 4283 585 4342 alter,
606 4283 655 4335 Ed.
677 4283 742 4334 Veu.
763 4307 794 4320 -
825 4283 869 4334 13.
891 4285 978 4332 oratio
998 4283 1052 4334 VV.
1084 4309 1114 4320 -
1147 4283 1189 4333 15.
1210 4285 1245 4333 ets
1265 4283 1300 4331 V:
1321 4283 1354 4330 tis
1373 4281 1428 4334 nia.
1451 4303 1480 4317 -
1509 4281 1550 4331 16.
1571 4281 1600 4330 td

278 4357 325 4422 pt,
344 4355 423 4416 u'V,
444 4366 511 4404 eorr.
534 4354 575 4413 V,
596 4353 644 4402 lid.
665 4353 751 4404 Vama
770 4354 799 4403 tat
817 4361 871 4415 est,
890 4359 920 4403 ut
938 4354 975 4410 n,
998 4367 1037 4416 pr.
1058 4354 1098 4412 V,
1118 4354 1149 4403 Ε.
1171 4377 1202 4388 -
1220 4353 1264 4403 66.
1283 4352 1354 4402 6666
1373 4352 1486 4403 malebat
1504 4351 1596 4401 Lamb.

278 4427 324 4476 21.
343 4427 392 4476 illc
411 4431 566 4476 omomautc
583 4427 663 4475 ettam
680 4424 713 4474 V.
733 4448 766 4459 -
784 4432 846 4474 suut
863 4437 916 4476 om.
936 4424 968 4474 li.
989 4447 1019 4460 -
1039 4438 1106 4488 quus
1124 4440 1176 4475 om.
1197 4424 1228 4473 Y.
1251 4449 1281 4461 ··-
1303 4431 1326 4472 st
1343 4424 1400 4484 nec}
1419 4425 1473 4473 etus
1489 4435 1545 4470 ucu
1563 4423 1597 4482 R,

279 4499 333 4548 riou
351 4509 400 4547 uec
418 4496 450 4546 7.
471 4517 505 4534 -··
522 4496 566 4545 22.
582 4496 732 4557 prodigiis,
753 4496 922 4556 cruentuli,
941 4495 1038 4555 Aldus,
1059 4496 1171 4546 bamb:
1190 4493 1321 4559 prodigiis
1334 4501 1358 4543 ot
1371 4494 1486 4543 oraculis
1497 4493 1551 4542 vu.
1568 4519 1596 4530 -

279 4567 324 4616 23.
344 4580 452 4630 equuus
470 4566 511 4617 ll:
532 4567 635 4630 opimus
654 4565 708 4615 VB.
730 4589 760 4602 -
791 4568 913 4617 cecidisse
931 4566 977 4616 VV
995 4571 1022 4616 et
1040 4578 1078 4626 pr.
1101 4567 1138 4616 n:
1164 4566 1287 4615 neudum
1308 4565 1327 4614 n
1347 4575 1406 4613 cum
1424 4577 1492 4614 corr.
1512 4563 1544 4612 li.
1568 4587 1596 4600 —

278 4638 323 4687 25.
344 4637 428 4688 tribur
445 4639 475 4687 iu
494 4635 546 4686 Gn.
566 4636 632 4686 RV:
651 4638 681 4685 tn
699 4636 784 4687 tridua
801 4637 831 4688 li.
851 4659 885 4674 ·-
902 4637 947 4688 26.
966 4637 1018 4688 siut
1037 4637 1068 4686 V.
1091 4662 1120 4673 -
1141 4635 1184 4685 i'l.
1203 4637 1336 4685 ducuntur
1354 4635 1385 4683 V.
1408 4661 1435 4672 -
1466 4633 1510 4684 29.
1529 4639 1599 4684 tacto

279 4707 320 4766 V,
343 4708 411 4760 Edd.
431 4715 491 4760 ente
509 4707 594 4768 Era,
614 4710 661 4770 qul
682 4709 752 4758 coni.
772 4713 874 4768 tracto:
893 4711 947 4768 ott,
968 4721 1042 4759 meae
1059 4710 1080 4758 sl
1100 4706 1232 4758 collationi
1252 4707 1317 4758 fider
1337 4706 1493 4766 tribuenda,
1519 4705 1601 4755 babet

280 4780 429 4839 resposita
448 4780 530 4830 accim
549 4778 581 4827 V.
603 4801 631 4814 -
650 4779 1004 4842 potieturlt,pottturV.
1028 4801 1054 4814 -·
1081 4778 1124 4828 66.
1145 4777 1363 4842 facultatibusque
1381 4777 1414 4827 li.
1436 4801 1465 4814 -
1494 4777 1523 4825 io
1540 4777 1600 4838 qui·

280 4848 346 4907 bus,
365 4849 433 4912 quod
451 4850 529 4914 quusi
546 4862 573 4898 o.
593 4848 658 4908 RV,
677 4850 832 4912 inquibus,
851 4850 922 4914 quod
938 4862 964 4898 o.
985 4849 1096 4918 bamb,
1114 4849 1245 4910 imprimis
1263 4849 1334 4911 quod
1351 4848 1427 4913 quusi
1445 4846 1496 4896 Gn.
1511 4845 1597 4897 Oxou.

281 4917 357 4969 aiter.
378 4943 408 4956 -
428 4918 764 4984 summasunmna:
784 4919 1048 4985 dirigenduVliVE.
1068 4943 1099 4956 -
1130 4919 1173 4970 65.
1194 4932 1226 4970 uc
1247 4918 1276 4971 V.
1306 4941 1336 4956 -
1369 4918 1413 4969 bd·
1433 4915 1599 4968 concluditur

280 4987 338 5041 liV.
357 5011 392 5028 -
410 4988 454 5043 67.
473 4992 580 5044 usrruu
597 4996 647 5044 out
664 4993 735 5044 cotio
753 4990 785 5042 7.
1057 5011 1061 5018 ·
