3720 5840
652 458 729 523 LlB.
753 459 806 525 lv.
852 460 885 525 C.
909 459 939 526 ll.
962 462 1003 527 5.
1017 463 1048 526 6.
1474 465 1514 530 53

195 625 317 690 discere
337 621 425 695 malt,
449 625 555 684 utrum
577 639 675 683 unum
697 621 801 684 omnia
813 611 823 696 ,'
847 641 885 684 an
908 621 1014 688 omnia
1036 623 1210 699 neminem,
1234 625 1291 690 sed
1312 623 1397 690 aliud
1420 624 1515 692 alium

194 725 282 804 putet
303 714 451 805 consequi
473 733 578 796 posse.
634 714 666 778 Si
688 716 772 779 enim
794 717 916 800 putabit
943 736 1037 802 posse
1066 718 1169 781 omnia
1196 737 1292 802 penes
1320 741 1417 784 unum
1440 741 1515 784 con-

194 815 324 884 sistere,
357 812 424 896 ipse
447 829 572 894 quoque
594 811 634 872 ad
657 811 796 874 omnium
818 811 935 876 nitetur
957 813 1156 890 facultatem
1190 812 1237 876 sin
1267 814 1300 876 id
1322 811 1511 899 desperabit,

193 909 226 974 in
248 905 355 993 paucis
377 925 410 968 se
434 901 611 980 exercebit3
634 906 711 989 ipsis
733 903 815 968 enim
838 914 1001 970 contentus
1023 906 1100 984 erit;
1125 928 1181 971 nec
1204 908 1336 982 mirum,
1361 911 1513 994 cumipse

192 1008 379 1090 praeceptor
400 999 474 1062 artis
496 999 601 1064 omnia
623 1018 719 1083 penes
740 1020 837 1064 unum
858 1001 998 1086 reperire
1017 1022 1081 1064 non
1096 1003 1244 1086 potuerit.
1289 1001 1397 1066 Allatis
1419 1003 1535 1087 igiturs

194 1098 345 1184 exemplis
367 1114 385 1159 e
409 1093 547 1165 Catone,
581 1113 599 1156 a
622 1094 787 1168 Gracchis,
811 1114 829 1157 a
850 1093 975 1170 Laelio,
999 1115 1016 1158 a
1038 1096 1201 1181 Scipione,
1227 1098 1344 1173 Galba,
1368 1095 1510 1174 Porcina,

194 1197 322 1268 Crasso,
357 1191 492 1254 Antonio
514 1189 709 1274 ceterisque,
741 1191 815 1252 item
838 1191 968 1274 sumptis
997 1190 1066 1254 aliis
1087 1211 1106 1252 a
1127 1192 1227 1275 poetis
1254 1202 1285 1256 ot
1312 1193 1513 1258 historiarum

192 1287 419 1370 scriptoribus,
454 1304 584 1348 necesse
606 1285 665 1348 erit
686 1304 779 1360 eum,
811 1285 865 1368 qui
887 1286 1000 1359 discet,
1033 1293 1143 1369 putare
1165 1287 1204 1348 ab
1228 1288 1374 1350 omnibus
1396 1289 1511 1362 omnia,

192 1381 231 1448 ab
253 1401 315 1447 uno
338 1400 435 1466 pauca
456 1379 510 1442 vix
531 1379 670 1461 potuisse
692 1379 784 1442 sumi.
829 1380 861 1442 8.
897 1379 1001 1456 Quare
1023 1401 1057 1443 se
1088 1380 1180 1444 unius
1209 1381 1340 1444 alicuius
1372 1403 1440 1445 esse
1471 1383 1513 1445 si·

191 1477 295 1544 milern
329 1475 404 1540 satis
437 1470 585 1549 babebit;
624 1475 750 1549 omnia,
789 1493 869 1558 quae
901 1493 1009 1538 omnes
1039 1475 1224 1548 habuerint,
1262 1477 1364 1539 solum
1394 1474 1549 1542 haberem

192 1595 225 1640 se
257 1590 350 1657 posse
382 1565 511 1633 diffidet.
554 1569 637 1650 Ergo
661 1567 770 1633 inutile
792 1575 839 1631 est
867 1565 917 1642 ei,
955 1569 1009 1653 qui
1034 1569 1155 1632 discere
1186 1571 1271 1644 vult,
1307 1591 1369 1634 non
1402 1579 1511 1655 putare

148 1701 151 1708 ·
191 1687 287 1732 unum
309 1665 414 1728 omnia
435 1682 539 1747 posse.
585 1663 682 1746 Igitur
704 1681 797 1727 nemo
826 1663 858 1725 in
886 1663 968 1726 banc
997 1662 1149 1726 incideret
1181 1665 1388 1748 opinionem,
1415 1667 1441 1729 si
1470 1669 1510 1730 ab

190 1780 255 1826 uno
276 1759 419 1840 exempla
441 1757 655 1842 sumpsissent.
697 1761 783 1821 Nunc
805 1757 866 1819 hoc
889 1757 968 1840 signi
990 1765 1037 1820 est
1058 1756 1144 1839 ipsos
1166 1760 1242 1821 artis
1264 1757 1433 1843 scriptores
1447 1779 1510 1826 non

191 1862 316 1940 putasse
336 1872 433 1915 unum
455 1852 593 1936 potuisse
615 1851 645 1916 in
669 1852 814 1915 omnibus
837 1851 1022 1916 elocutionis
1043 1851 1183 1933 partibus
1206 1857 1339 1925 enitere,
1362 1855 1510 1938 quoniam

192 1969 294 2034 neque
324 1967 380 2011 sua
407 1945 605 2028 protulerunt
633 1967 734 2032 neque
761 1943 852 2009 unius
875 1944 1005 2010 alicuius
1027 1953 1080 2010 aut
1101 1947 1236 2029 denique
1258 1943 1415 2022 duorum,
1435 1950 1547 2014 sedis

80 2103 84 2110 .
191 2048 231 2110 eb
254 2044 398 2108 omnibus
420 2042 599 2105 oratoribus
621 2049 652 2105 et
673 2041 774 2122 poetis
797 2041 939 2124 exempla
967 2048 1190 2123 sumpserunt.
1217 2039 1358 2116 Deinde,
1393 2043 1419 2106 si
1442 2045 1511 2128 quis

190 2138 268 2204 velit
289 2145 387 2202 artem
409 2137 624 2199 demonstrare
646 2134 724 2199 nihil
746 2138 896 2216 prodesse
918 2137 957 2199 ad
986 2136 1188 2210 discendum,
1217 2157 1282 2200 non
1304 2135 1384 2200 male
1406 2144 1511 2200 utatm

190 2235 254 2300 boc
274 2233 477 2304 adiumento,
509 2227 594 2314 quod
617 2251 697 2294 unus
719 2249 828 2294 omnes
850 2229 925 2294 artis
947 2237 1049 2315 partes
1072 2231 1222 2312 consequi
1243 2251 1335 2294 nemo
1359 2232 1507 2315 potuerit.

192 2327 284 2406 Quod
307 2327 402 2410 igitur
422 2326 507 2389 iuvat
529 2345 639 2388 eorum
662 2326 832 2400 rationem,
870 2325 924 2410 qui
954 2323 1082 2388 omnino
1112 2325 1290 2406 improbant
1318 2333 1440 2401 artem,
1478 2324 1510 2390 id

190 2445 256 2488 non
277 2419 442 2487 ridiculum
465 2426 512 2483 est
532 2419 634 2501 ipsum
656 2421 841 2503 scriptorem
864 2420 938 2482 artis
960 2439 1017 2484 suo
1039 2420 1156 2482 iudicio
1171 2421 1403 2503 comprobaret
1427 2423 1546 2502 Ergoeo

191 2520 231 2582 ab
259 2537 323 2582 uno
353 2518 505 2580 sumenda
536 2514 630 2578 luisse
661 2515 825 2578 docuimus
855 2513 1014 2598 exempla,
1048 2513 1075 2577 si
1102 2533 1226 2598 semper
1251 2514 1376 2578 aliunde
1405 2535 1510 2578 sume-

190 2621 309 2680 rentur.
353 2611 404 2674 vi.
437 2613 468 2674 9.
503 2613 591 2672 Nunc
613 2607 740 2672 omnino
770 2610 896 2672 aliunde
918 2610 1069 2672 sumenda
1090 2627 1152 2672 non
1174 2606 1270 2672 luisse
1292 2607 1337 2673 sic
1358 2606 1510 2692 intellige-

191 2727 270 2772 mus.
315 2704 451 2769 Primum
475 2705 636 2778 omnium,
661 2705 745 2788 quod
767 2705 805 2765 ab
828 2704 903 2766 artis
925 2701 1078 2785 scriptore
1100 2701 1229 2767 effertur
1249 2701 1444 2787 exemplum,
1464 2705 1508 2778 ,de

191 2800 330 2867 eiusdem
353 2798 485 2863 artilioio
507 2796 601 2863 debet
623 2819 715 2874 esse3
746 2818 809 2861 non
831 2806 886 2871 ut,
908 2802 932 2861 si
955 2799 1024 2883 quis
1047 2816 1215 2882 purpuram
1228 2807 1292 2861 aut
1312 2798 1396 2862 aliud
1418 2799 1509 2882 quid·

190 2897 273 2984 piam
297 2898 434 2960 vendens
456 2895 556 2968 dicat,
582 2894 676 2956 Sume
698 2913 717 2955 a
739 2913 810 2968 me3
835 2894 890 2955 sed
912 2892 1004 2955 huius
1028 2894 1205 2977 exemplum
1228 2889 1353 2956 aliunde
1375 2893 1546 2975 rogabo,rs

192 2993 248 3057 tibi
270 2994 355 3077 quod
378 2990 552 3054 ostendam.
613 2988 645 3051 Si
668 3008 787 3051 merces
810 2988 867 3071 ipsi
891 2985 944 3071 qui
965 2984 1146 3061 venditant,
1184 2985 1309 3050 aliunde
1331 2988 1509 3071 exemplum

192 3089 385 3172 quaeritent,
422 3089 475 3147 aut
506 3084 538 3146 in
571 3081 653 3146 areis
686 3101 816 3145 acervos
849 3101 883 3144 se
918 3078 1021 3144 dicant
1053 3081 1146 3144 tritici
1179 3081 1298 3144 babere
1336 3088 1368 3146 et
1400 3101 1509 3146 eorum

192 3181 368 3266 exemplum
390 3196 497 3261 pugno
519 3197 581 3240 non
603 3179 757 3252 habeant,
796 3177 881 3258 quod
903 3173 1086 3248 ostendant:
1124 3175 1151 3239 si
1173 3176 1402 3257 Triptolemus,
1438 3196 1508 3240 cum

191 3274 370 3340 hominibus
391 3293 498 3336 semen
519 3273 703 3355 largiretur,
727 3271 793 3354 ipse
816 3272 856 3332 ab
879 3270 948 3332 aliis
970 3268 1000 3332 id
1015 3269 1196 3336 hominibus
1220 3277 1431 3348 mutuaretur;
1456 3277 1509 3334 aut

192 3368 217 3434 si
239 3368 464 3441 Prometheus,
500 3387 571 3428 cum
604 3362 787 3430 mortalibus
818 3363 922 3446 ignem
953 3362 1093 3428 dividere
1116 3365 1223 3442 vellet,
1258 3364 1325 3450 ipse
1353 3387 1372 3430 a
1400 3365 1546 3433 vicinisao

191 3483 262 3526 cum
284 3469 363 3526 testa
383 3459 544 3525 ambulans
576 3459 782 3523 carbunculos
814 3467 1018 3541 corrogaret,
1053 3479 1115 3524 noo
1144 3459 1294 3524 ridiculus
1325 3459 1508 3526 videretur?

191 3557 245 3620 lsti
268 3554 430 3638 magistri,
462 3557 601 3620 omniurn
624 3547 748 3618 dicendi
769 3563 1011 3644 praeceptores,
1045 3573 1108 3616 non
1131 3558 1275 3618 videntur
1296 3556 1357 3619 sibi
1378 3554 1509 3620 ridicule

190 3649 315 3724 iacere,
354 3671 424 3712 cum
447 3649 500 3725 id,
537 3646 621 3732 quod
644 3647 712 3712 aliis
734 3639 942 3733 pollicentur,
977 3651 1015 3711 ab
1037 3646 1106 3711 aliis
1133 3655 1298 3733 quaerunt.
1346 3650 1377 3710 Si
1401 3649 1510 3733 quise

190 3743 292 3809 fontes
315 3742 485 3820 maximos,
510 3745 634 3830 penitus
656 3744 855 3807 absconditos
877 3743 1036 3827 aperuisse
1059 3744 1143 3807 dicat
1162 3751 1193 3806 et
1213 3741 1289 3807 haec
1311 3742 1417 3807 sitiens
1439 3762 1509 3806 cum

192 3840 324 3902 maxime
346 3837 513 3924 loquatur,
547 3858 651 3922 neque
679 3838 809 3910 babeat,
843 3836 897 3922 qui
920 3836 1002 3900 sitim
1024 3834 1129 3910 sedet,
1165 3857 1228 3900 non
1258 3838 1419 3901 rideatur?
1455 3835 1546 3904 lstiss

192 3954 262 3997 cum
284 3955 346 3999 non
369 3932 463 3997 modo
487 3931 631 3997 dominos
653 3953 686 3995 se
708 3931 863 4005 sontium,
898 3933 952 3996 sed
975 3951 1008 3994 se
1032 3933 1116 4015 ipsos
1138 3931 1241 3996 tontes
1263 3951 1330 3996 esse
1354 3929 1458 3995 dicant
1479 3937 1511 3994 et

193 4029 330 4092 omnium
354 4027 457 4110 rigare
479 4030 614 4092 debeant
636 4029 780 4111 ingenia,
804 4047 868 4090 non
889 4032 998 4112 putant
1019 4025 1088 4090 lore
1111 4023 1296 4098 ridiculum,
1320 4026 1362 4099 si,
1385 4045 1456 4089 cum
1477 4025 1509 4087 id

191 4123 417 4204 polliceantur,
455 4129 598 4188 arescant
629 4121 689 4208 ipsi
721 4120 868 4189 siccitate.
926 4120 1040 4186 Chares
1071 4120 1248 4206 abysippo
1271 4129 1385 4186 statuas
1407 4121 1511 4184 iacere

263 4360 288 4408 l.
308 4359 353 4408 sect
372 4372 401 4409 er
421 4362 514 4409 nostris
535 4359 702 4418 dumterntB
722 4367 748 4412 et
766 4375 832 4411 corr.
854 4357 890 4414 P:
911 4365 991 4410 ceteri
1007 4365 1132 4421 quattuor
1146 4362 1191 4408 etst
1212 4361 1281 4410 rarle
1300 4359 1435 4407 turbantes
1454 4371 1515 4417 pro-

193 4429 309 4492 pendent
328 4433 354 4478 tn
374 4442 427 4484 on,
457 4438 485 4478 ut
505 4429 559 4480 th.
580 4431 612 4480 ad
632 4432 684 4479 att.
706 4431 734 4484 9,
754 4433 779 4480 b.
807 4431 861 4479 Lis.
883 4431 926 4482 at.
948 4431 990 4478 to.
1021 4455 1049 4466 -
1079 4430 1104 4478 3.
1124 4431 1268 4489 desperarit
1288 4430 1307 4476 Α
1327 4435 1354 4478 et
1372 4429 1512 4487 curnPF,

191 4502 339 4560 desperavit
357 4499 379 4548 n
399 4505 425 4548 et
446 4512 484 4559 pr.
501 4500 538 4557 Ρ,
557 4503 695 4562 desperare
714 4513 752 4560 pr.
770 4502 798 4550 F.
816 4522 841 4535 -
864 4499 888 4549 8.
908 4507 1005 4562 putore
1023 4500 1055 4550 ab
1075 4501 1193 4550 omnibus
1211 4499 1359 4548 pansas:
1380 4498 1413 4548 ab
1433 4502 1515 4549 omnl-

191 4569 401 4632 purpureres.
423 4571 1022 4630 -mtranscendenteseiseeimttemi,
1051 4571 1160 4620 Dutch:
1191 4573 1269 4620 santus
1290 4582 1316 4618 se
1334 4569 1445 4620 alieuius
1462 4583 1515 4620 esse

191 4643 300 4691 similem
313 4639 374 4694 na.
394 4643 474 4689 unius
486 4639 549 4701 (ons.
567 4645 605 4705 se)
623 4643 738 4691 alicuius
756 4655 808 4690 esse
825 4641 933 4690 similem
945 4642 1023 4698 Par,
1043 4644 1066 4689 si
1078 4643 1155 4690 unius
1170 4641 1282 4691 alicuius
1294 4639 1346 4692 esee
1362 4654 1388 4690 se
1405 4641 1516 4690 similem

192 4711 222 4761 E.
239 4739 263 4748 -
287 4712 329 4761 to.
351 4713 441 4760 omnio
455 4713 561 4760 seclusit
575 4712 611 4768 E,
632 4713 832 4774 erpunrnsur.
871 4711 1000 4772 Equidem
1014 4713 1175 4763 attribuerim
1190 4713 1396 4772 eosptiticettoot.
1417 4711 1466 4762 Oa.
1485 4735 1514 4748 -

192 4781 235 4832 12.
256 4784 345 4832 omnio
361 4794 438 4844 posse
457 4781 584 4832 Pasas:
603 4795 678 4843 posse
696 4784 785 4832 omnia
799 4781 852 4831 itis.
869 4808 899 4819 -
919 4784 961 4833 19.
983 4784 1072 4832 horum
1086 4783 1212 4839 Parni,
1228 4783 1257 4834 b.
1272 4807 1304 4820 -
1323 4784 1354 4832 m
1387 4783 1516 4832 sumendo

189 4851 463 4914 consolaremini.
485 4851 637 4902 Passus:
656 4855 694 4902 sie
712 4853 883 4916 intelligemus
902 4855 1027 4902 sumendo
1045 4865 1099 4902 non
1118 4853 1197 4916 [isim
1215 4854 1246 4904 Ε.
1267 4879 1297 4890 -
1317 4855 1360 4902 ab.
1379 4853 1427 4903 tibi
1445 4853 1516 4916 guod

192 4923 228 4978 Ρ.
251 4922 335 4973 Oreo.
350 4937 434 4981 unus,
456 4923 492 4972 br
514 4923 612 4987 cibique
629 4922 777 4974 aurato.
802 4948 830 4960 —
851 4936 958 4972 mercem
975 4922 1063 4972 attin
1082 4929 1108 4974 et
1127 4938 1167 4984 pr.
1188 4925 1216 4974 P.
1238 4949 1269 4960 -
1294 4924 1337 4974 m.
1359 4937 1448 4986 quoer-
1467 4929 1515 4973 out

191 4995 222 5043 in
241 4995 310 5042 ereis
329 5007 437 5044 oeeroos
457 4993 494 5044 T:
525 4997 670 5055 quaeritent
699 4996 774 5045 aliud
798 4993 907 5048 mercis,
935 5001 982 5043 out
1000 4993 1024 5041 si
1040 5005 1147 5044 oceroos
1166 4995 1196 5045 ll.
1229 4993 1327 5056 (Ceteri
1346 4999 1426 5044 nostrl
1445 4997 1515 5046 verte

193 5062 334 5126 corrupti.)
355 5089 383 5101 -
412 5063 455 5113 ³1.
475 5064 601 5115 ridiculus
620 5064 769 5116 PABFRT:
789 5063 931 5113 ridiculum
950 5064 978 5114 ll.
998 5089 1031 5098 -
1048 5062 1091 5112 ss.
1112 5065 1174 5116 hoec
1194 5065 1299 5115 ears:
1319 5067 1366 5116 boc
1384 5064 1460 5114 aas.
1483 5059 1512 5102 '-

194 5148 255 5188 oum
272 5135 309 5187 B:
330 5141 385 5188 tum
402 5135 507 5196 Part,
527 5149 609 5202 quom
625 5135 681 5188 RE.
701 5159 731 5176 ·
750 5135 794 5188 ³8.
811 5134 988 5201 polliceamur
1005 5133 1135 5188 rasam
1152 5137 1329 5200 polliceantur
1346 5131 1407 5188 etto
1424 5136 1477 5186 Fu.
