3714 5844
677 410 755 474 LIB.
780 409 806 474 1.
853 407 887 473 C.
914 411 963 480 17.
987 408 1038 474 18.
1200 452 1203 460 ·
1484 411 1525 477 99

198 573 261 636 iam
284 569 391 636 mitior
419 571 520 636 Iactus
547 572 609 636 erit
636 571 780 645 auditor,
815 569 940 653 ingredi
967 569 1161 652 pedetentim
1187 567 1222 634 in
1250 566 1466 636 defensionem
1496 579 1528 636 et

199 668 306 730 dicere
337 687 394 742 ea,
428 687 509 750 quae
541 664 744 748 indignentur
772 665 967 740 adversarii,
1003 663 1060 728 tibi
1093 684 1220 750 quoque
1247 663 1376 748 indigna
1401 667 1524 730 videri:

198 758 333 836 deindo,
369 780 440 824 cum
461 759 588 824 lenieris
610 780 705 835 oum,
739 759 793 845 qni
816 757 939 832 audiet,
975 761 1214 835 demonstrare,
1248 758 1326 823 nibil
1354 781 1465 826 eorum
1488 762 1528 824 ad

198 863 230 918 te
252 856 412 938 periinere
434 863 467 918 et
487 875 603 938 negare
625 862 656 919 te
679 852 850 940 quidquam
873 855 912 916 de
935 853 1123 918 adversariis
1139 874 1208 918 esse
1225 856 1399 930 dicturum,
1424 875 1528 941 noque

199 947 260 1012 boc
282 967 385 1033 neque
408 947 507 1026 illud;
531 956 693 1033 utusque
717 955 824 1029 aperte
844 946 952 1012 laedas
974 969 1048 1024 eos,
1073 951 1129 1034 qui
1150 949 1340 1032 diliguntur,
1370 958 1403 1015 et
1423 959 1551 1015 tamem

198 1043 232 1106 id
254 1040 388 1108 obscure
410 1041 545 1118 iaciens,
570 1041 674 1128 quoad
697 1043 817 1127 poesie,
842 1039 960 1106 alienes
982 1045 1021 1106 ab
1046 1043 1092 1106 eis
1113 1045 1292 1109 auditorum
1314 1047 1527 1124 voluutatcm3

200 1145 232 1201 et
253 1136 430 1224 aliquorum
459 1129 609 1201 iudicium
639 1135 734 1202 simili
756 1138 795 1200 de
816 1155 851 1200 re
872 1143 926 1199 aut
949 1138 1165 1202 auctoritatem
1187 1140 1333 1221 prolerre
1354 1139 1530 1204 imitatione

200 1230 350 1314 dignam3
384 1233 499 1297 deinde
526 1235 659 1297 eandem
682 1237 736 1295 aut
757 1231 955 1295 consimilem
978 1239 1031 1294 aut
1052 1231 1205 1298 maiorem
1227 1242 1282 1297 aut
1302 1235 1456 1300 minorem
1478 1235 1530 1318 agi

200 1345 267 1389 rem
297 1323 329 1388 in
360 1327 538 1408 praesentia
570 1329 800 1390 demonstrare.
845 1328 897 1390 25.
935 1327 989 1390 Siu
1018 1325 1119 1391 oratio
1148 1329 1402 1392 adversariorum
1434 1327 1529 1392 Iidem

199 1418 358 1484 ridebitur
379 1419 574 1486 auditoribus
595 1422 728 1491 fecisse,
760 1421 793 1484 id
816 1422 901 1506 quod
923 1421 972 1496 ei,
1007 1422 1062 1506 qui
1088 1421 1256 1506 intelligit,
1291 1423 1405 1508 quibus
1436 1426 1562 1487 rebusre

200 1511 278 1578 fides
299 1512 371 1588 fiat,
403 1513 493 1580 facile
523 1517 583 1580 erit
605 1517 751 1599 cognitu;
786 1522 912 1599 oportet
933 1522 987 1579 aut
1008 1517 1048 1580 de
1071 1536 1132 1592 eo,
1168 1515 1252 1602 quod
1275 1519 1448 1582 adversarii
1469 1516 1532 1582 sibi

200 1605 413 1674 firmissimum
434 1611 572 1695 putarint
593 1617 625 1674 et
645 1609 781 1674 maxime
803 1611 843 1684 ii,
878 1609 931 1695 qui
953 1611 1098 1686 audient,
1122 1612 1311 1693 probarint,
1340 1613 1478 1694 primum
1501 1620 1531 1677 te

201 1701 357 1768 dicturum
379 1704 538 1789 polliceri,
562 1713 616 1768 aut
636 1706 677 1767 ab
699 1701 873 1770 adversarii
894 1704 977 1767 dicto
1000 1706 1141 1769 exordiri
1163 1714 1196 1770 et
1209 1709 1249 1770 ab
1264 1725 1303 1769 oo
1318 1705 1530 1788 potissimum,

201 1796 287 1884 quod
315 1798 368 1864 ille
395 1800 578 1881 nuperrime
609 1798 746 1876 dixerit3
779 1805 834 1863 aut
862 1798 1059 1864 dubitatione
1081 1801 1146 1875 uti,
1183 1802 1260 1886 quid
1283 1802 1421 1887 primum
1446 1803 1532 1866 dicas

201 1903 255 1957 aut
283 1895 332 1958 cui
358 1894 555 1976 potissimum
584 1892 657 1958 loco
684 1895 901 1976 respondeas,
936 1912 1008 1956 cum
1039 1895 1259 1960 admiratione.
1308 1899 1386 1960 Nam
1409 1897 1569 1960 auditoris

202 2007 386 2064 cumeum,
420 2008 514 2073 quem
546 1989 720 2053 adversarii
749 1985 967 2074 perturbatum
996 1996 1084 2073 putat
1115 1990 1279 2067 oratioue,
1312 1990 1398 2055 videt
1427 1992 1531 2055 animo

196 2079 383 2145 -IirmissImo
414 2089 524 2145 contra
554 2084 660 2148 dicere
689 2091 849 2168 paratum,
884 2081 1069 2167 plerumque
1094 2104 1129 2149 se
1158 2087 1263 2170 potius
1286 2092 1406 2151 temere
1428 2107 1534 2150 assen-

202 2177 280 2240 sisse
302 2196 398 2261 quam
418 2177 507 2240 illurn
530 2177 599 2257 sine
621 2198 714 2242 causa
736 2176 895 2242 confidere
917 2174 1098 2242 arbitratur.
1144 2181 1198 2243 Sin
1220 2181 1372 2245 auditoris
1394 2183 1534 2245 studium

203 2269 384 2355 defatigatio
407 2270 597 2336 abalienavit
617 2293 637 2336 a
658 2293 773 2347 causa,
805 2279 835 2335 te
857 2273 1005 2348 brevitas,
1041 2292 1135 2358 quam
1159 2282 1284 2358 paratus
1313 2271 1430 2348 inens,
1463 2294 1533 2338 esse

202 2367 359 2432 dicturum
381 2370 581 2432 commodum
609 2374 656 2430 est
683 2364 848 2452 polliceri;
883 2386 948 2430 non
976 2367 1170 2432 imitaturum
1204 2370 1432 2432 adversarium.
1478 2370 1571 2432 Sinse

202 2483 254 2527 res
276 2463 384 2538 dabit,
419 2481 483 2526 non
513 2459 624 2526 inutile
654 2468 703 2525 est
730 2458 769 2524 ab
798 2459 904 2545 ailqua
931 2479 968 2523 re
988 2481 1072 2524 nova
1092 2469 1146 2525 aut
1166 2460 1299 2526 ridicula
1319 2461 1459 2545 incipere
1479 2471 1534 2527 aut

203 2576 244 2620 cx
265 2564 409 2638 tempore
432 2575 511 2642 quae
534 2563 607 2619 nata
628 2557 687 2632 sit;
711 2557 796 2639 quod
811 2575 927 2637 genus,
952 2553 1101 2640 strepitu,
1126 2554 1371 2634 acclamatione;
1396 2567 1449 2620 aut
1471 2555 1534 2621 iam

202 2656 328 2736 parata,
352 2669 433 2734 quae
448 2649 498 2714 vel
513 2649 682 2734 apologum
698 2648 748 2713 vel
768 2646 907 2712 fabulam
929 2649 979 2712 vel
1002 2649 1139 2733 aliquam
1161 2651 1320 2714 contineat
1334 2648 1532 2728 irrisionem;

204 2752 275 2820 aut,
313 2742 339 2808 si
362 2743 409 2808 rei
432 2745 567 2828 dignitas
589 2745 706 2807 adimet
734 2743 860 2808 iocandi
888 2740 1088 2819 facultatem,
1120 2742 1237 2828 aliquid
1259 2749 1368 2820 trIste,
1401 2765 1531 2820 novum,

203 2839 356 2904 horribile
386 2840 489 2920 statim
520 2859 585 2902 non
613 2836 849 2902 incommodum
872 2844 920 2900 est
941 2837 1082 2900 iniicere.
1128 2840 1225 2915 Nam,
1241 2835 1259 2921 ζ
1261 2846 1296 2903 ut
1325 2838 1386 2903 cibi
1408 2841 1533 2904 satietas
1543 2859 1570 2900 as

99 2949 106 2966 ·
204 2942 236 2998 et
257 2931 426 2998 fastidium*
439 2920 507 3023 aut]
516 2935 681 2996 subamara
704 2933 810 3017 aliqua
832 2930 1049 3026 relrelevatur
1071 2927 1235 3021 autldulci
1261 2931 1453 3017 initigaturt
1488 2932 1534 2998 sic

204 3028 328 3093 animus
350 3029 493 3093 defessus
515 3027 671 3093 audiendo
694 3035 748 3092 aut
768 3026 975 3092 admiratione
999 3026 1171 3108 integratur
1192 3035 1246 3090 aut
1266 3030 1332 3091 risu
1353 3036 1498 3093 novatur.

287 3123 402 3186 XVIII.
426 3125 471 3186 dc
493 3124 660 3209 separatim
682 3120 830 3208 quidem,
861 3140 942 3207 quae
963 3123 1003 3184 de
1026 3119 1182 3205 principio
1205 3129 1237 3186 et
1259 3120 1298 3186 de
1320 3121 1532 3190 insinuatione

205 3216 338 3282 dicenda
359 3217 565 3290 videbantur,
597 3217 677 3279 hacc
704 3213 772 3280 fere
802 3223 885 3280 sunt.
930 3218 1019 3279 Nunc
1041 3216 1190 3302 quiddam
1210 3217 1301 3280 brevi
1323 3217 1534 3282 communiter

205 3314 246 3376 de
267 3318 402 3396 utroque
424 3311 680 3393 praecipiendum
703 3311 838 3373 videtur.
883 3307 1053 3372 Exordium
1078 3307 1303 3374 sententiarum
1326 3318 1358 3374 et
1372 3310 1532 3395 gravitatis
1542 3331 1570 3374 aa

204 3405 374 3489 plurimum
397 3407 493 3470 debet
512 3405 633 3468 habere
655 3412 686 3469 et
707 3403 836 3468 omnino
859 3402 980 3477 omnia,
1003 3421 1083 3488 quae
1105 3405 1262 3488 pertinent
1284 3407 1323 3468 ad
1339 3405 1532 3490 dignitatem,

205 3499 239 3564 in
261 3519 295 3564 se
317 3497 497 3575 continere,
520 3507 689 3585 propterea
711 3501 797 3584 quod
819 3499 852 3561 id
875 3499 994 3582 optime
1016 3495 1195 3562 faciendum
1218 3505 1283 3574 est,
1319 3503 1405 3585 quod
1428 3509 1534 3564 orato-

205 3613 272 3658 rem
295 3593 432 3658 auditori
455 3594 591 3656 maxime
614 3593 833 3669 commendam
866 3590 1043 3677 splendoris
1067 3600 1099 3656 et
1118 3591 1297 3658 festivitatis
1319 3600 1351 3656 et
1373 3593 1534 3658 concinni-

177 3705 180 3710 ·
205 3687 322 3752 tudinis
344 3689 526 3763 minimum,
549 3693 718 3770 propterea
740 3689 826 3772 quod
848 3707 889 3748 ex
910 3685 961 3749 his
982 3685 1117 3771 suspicio
1141 3688 1295 3772 quaedam
1319 3689 1532 3772 apparationis

206 3791 300 3868 atque
333 3781 522 3847 artificiosae
552 3779 734 3866 diligentiae
774 3778 931 3857 nascitur3
975 3800 1055 3865 quac
1087 3783 1222 3846 maxime
1256 3780 1392 3845 orationi
1423 3779 1529 3857 fidem,
1542 3800 1569 3842 ss

207 3873 327 3942 oratori
349 3875 460 3940 adimit
479 3877 707 3941 auctoritatem.
749 3877 802 3939 iio.
834 3873 917 3940 Vitia
944 3894 1022 3938 vero
1048 3877 1126 3939 baec
1148 3884 1220 3941 sunt
1243 3878 1417 3940 certissima
1440 3897 1534 3942 exor-

207 3971 353 4046 diorum,
377 3991 458 4055 quae
481 3991 604 4035 summo
627 3989 725 4056 opere
748 3966 840 4034 vitari
862 3970 1039 4050 oportebit:
1064 3972 1209 4054 vulgare,
1233 3991 1418 4046 commuue,
1447 3991 1533 4036 com·

208 4065 376 4140 mutabile,
400 4067 551 4151 longum,
576 4075 773 4152 separatum,
798 4064 983 4128 translatum
996 4109 1005 4138 ,
1018 4071 1338 4150 'contrapraecepta
1393 4065 1532 4149 Vulgare

208 4167 277 4236 est,
301 4161 386 4244 quod
406 4160 440 4224 in
461 4164 568 4245 plures
590 4182 700 4226 causas
721 4165 825 4244 potest
847 4159 1095 4234 accounmodari,
1127 4167 1164 4224 ut
1184 4160 1354 4224 convenire
1374 4160 1529 4224 videatur.
1591 4211 1598 4224 .

209 4255 404 4330 Commune,
440 4255 524 4340 quod
558 4257 661 4319 nibilo
692 4255 795 4320 minus
826 4254 860 4318 in
890 4256 971 4318 hanc
1004 4273 1097 4338 quam
1125 4254 1159 4316 in
1189 4253 1378 4316 contrariam
1410 4260 1568 4339 partemio

277 4399 302 4450 e.
323 4397 372 4448 Vr.
391 4411 448 4447 eum
466 4399 567 4450 lenieris
583 4424 594 4435 ·
611 4425 622 4437 ·
640 4399 731 4450 audiet
750 4399 802 4449 det.
822 4397 914 4448 Lemb.
937 4397 1015 4456 Scir..
1035 4399 1146 4448 seclusit
1166 4397 1229 4446 Em.
1250 4421 1284 4432 -
1301 4397 1327 4445 o.
1346 4401 1480 4460 praesenti
1500 4399 1528 4460 Ρ,

209 4467 271 4521 fieb.
292 4471 357 4528 (nou
377 4465 495 4530 vaur.)
514 4493 547 4506 -
566 4471 608 4521 12.
628 4469 738 4520 audient
756 4469 793 4518 P:
813 4470 947 4518 audierint
965 4468 1066 4518 netu.
1083 4491 1113 4505 -
1133 4466 1176 4517 ro.
1194 4471 1276 4531 putat
1293 4467 1358 4518 Cati.
1379 4467 1413 4532 (i)
1432 4469 1529 4531 Ursini,

209 4543 262 4592 duo
290 4540 452 4592 Letiemandi
479 4541 532 4596 itit
561 4546 659 4603 patant
683 4539 807 4588 PARTE.
836 4563 866 4576 ·-
899 4539 942 4588 itt.
968 4537 1123 4602 defetigatio
1142 4539 1180 4595 T,
1210 4541 1256 4602 qui
1280 4543 1384 4600 saepius
1409 4545 1532 4602 antiquas

124 4665 127 4673 ,
209 4615 320 4664 retinuit
338 4613 490 4672 scripturae.
514 4633 541 4646 -
562 4611 723 4662 abatienatit
741 4607 797 4660 nr.
816 4633 845 4644 -
865 4609 909 4658 22.
929 4612 1057 4671 strepitu,
1077 4609 1269 4659 acclamatione
1287 4609 1406 4661 sanciae
1425 4613 1533 4662 Ouden-

209 4685 315 4746 dorpii:
348 4683 473 4746 strepitus
491 4681 649 4733 acclamatio
669 4693 736 4731 carr.
758 4680 876 4739 Ceucb„
896 4681 1050 4740 strepitum,
1071 4681 1289 4730 acclamationem
1308 4681 1339 4730 II.
1359 4681 1421 4730 Sati.
1440 4683 1534 4745 eti-epi·

210 4760 253 4804 iae
272 4767 311 4816 pr.
331 4753 373 4812 1³,
392 4754 532 4814 etrepitum
550 4753 595 4802 ΛΤ
615 4761 641 4803 et
660 4765 726 4802 corr.
747 4751 783 4810 P,
802 4751 940 4812 strepitum
960 4755 1007 4798 act
1026 4751 1066 4807 n,
1092 4751 1311 4801 adclamaticaem
1329 4751 1399 4802 uiti
1419 4761 1445 4802 et
1464 4766 1531 4802 carr.

210 4825 240 4876 P.
261 4825 466 4887 (adclamatione
485 4835 525 4885 pr.
539 4822 580 4884 P.)
597 4847 624 4858 -
644 4825 688 4873 27.
708 4827 852 4872 renovatur
869 4820 910 4878 It,
933 4820 1043 4879 Lemo,
1063 4827 1092 4870 ut
1111 4822 1169 4871 Lib.
1189 4821 1215 4879 b,
1234 4819 1268 4883 §i
1283 4821 1328 4872 ts.
1346 4847 1373 4858 -
1394 4822 1437 4871 28.
1459 4831 1483 4872 et
1502 4823 1533 4874 de

209 4897 387 4946 inuocatione
405 4893 513 4944 PART:
534 4902 559 4944 et
576 4895 753 4944 insinuatione
772 4892 825 4942 vs.
846 4913 877 4925 -
908 4890 952 4939 29.
981 4890 1052 4938 treci
1070 4895 1241 4941 communiter
1264 4892 1352 4943 PIT:
1379 4893 1490 4943 breuiter
1509 4899 1534 4944 ei

211 4969 383 5017 communiter
400 4965 455 5016 iiii.
485 4989 515 5001 -
547 4965 591 5016 ³³.
612 4960 906 5014 commendaretur:
935 4961 1093 5010 commendet
1110 4975 1169 5012 curn
1189 4961 1244 5011 Eri.
1265 4964 1295 5012 E.
1316 4989 1344 5004 ·-
1379 4964 1423 5013 37.
1451 4965 1535 5015 citari

211 5037 246 5091 Ρ.
264 5037 336 5087 Em:
356 5037 442 5088 citare
454 5035 558 5090 ARTE.
575 5061 605 5074 -
626 5034 668 5088 ³8.
689 5036 817 5087 natatum
834 5032 877 5082 bic
897 5037 923 5084 ct
941 5030 1008 5083 iutra
1017 5031 1050 5082 T.
1067 5057 1097 5070 ·-
1116 5031 1442 5086 io.cemnunei³i1tre
1462 5033 1535 5084 Com·

211 5121 289 5160 mune
305 5111 342 5159 eei
360 5105 416 5158 vii.
