3746 5850
300 441 363 508 101
706 441 937 510 outuoantu
959 444 1226 512 PARTITIONES

300 600 388 689 quod
407 623 473 670 uon
494 604 536 670 sit
555 600 589 670 in
611 623 664 679 re,
687 605 773 690 qnod
787 606 828 670 ab
844 602 1024 672 adversario
1045 615 1180 692 ponetur
1193 605 1227 673 in
1241 601 1358 686 verbo;
1381 606 1514 687 tertius,
1539 611 1626 696 quod
1659 607 1662 613 ’

300 695 334 762 id
365 706 452 765 recte
484 695 601 764 lactum
634 717 703 763 esso
735 696 900 775 defendat,
938 698 1022 785 quod
1048 703 1118 768 sine
1145 701 1209 768 ulla
1241 702 1378 770 nominis
1397 706 1624 771 controversia

299 789 415 858 sactum
436 792 564 858 latetur.
610 794 683 857 101.
727 793 849 858 Deinde
880 795 935 860 uni
963 796 1077 880 cuique
1106 794 1220 862 rationi
1251 795 1476 882 opponendum
1503 806 1552 864 est
1584 801 1624 864 ab

300 894 483 954 accusatore
505 885 554 962 id,
576 883 663 974 quod
684 883 712 951 si
732 907 797 952 non
820 898 905 954 esset
924 890 957 956 in
978 892 1193 965 accusatione,
1216 910 1312 956 causa
1333 894 1462 959 omnino
1477 911 1546 958 esse
1560 914 1625 959 non

278 989 421 1065 sponset.
466 984 576 1066 Itaque
598 1001 653 1055 ea,
677 1001 759 1068 quae
781 980 826 1046 sic
846 982 1045 1061 referuntur,
1068 987 1260 1052 continentia
1274 1007 1438 1054 cansarum
1452 997 1623 1067 vocentur3

300 1099 489 1168 quamquam
510 1098 576 1144 non
598 1096 635 1142 ea
657 1077 777 1161 magis,
806 1098 889 1162 quae
911 1085 1023 1142 contra
1044 1079 1199 1146 rationem
1220 1077 1413 1148 defensionis
1434 1085 1622 1159 afferuntur,

299 1193 394 1261 quam
427 1171 513 1260 ipsae
545 1171 740 1240 defensionis
773 1174 910 1240 rationes
947 1175 1110 1240 continent
1139 1195 1262 1241 causas.
1320 1178 1381 1242 Sed
1414 1175 1626 1262 distinguendi

300 1269 399 1354 qratia
429 1268 585 1335 rationem
606 1266 799 1355 appellamus
829 1289 915 1345 eam,
948 1291 1029 1356 quae
1059 1268 1190 1336 allcrtur
1215 1274 1255 1336 ab
1277 1291 1333 1336 reo
1355 1270 1395 1338 ad
1415 1275 1626 1338 recusandum

301 1363 480 1449 depellendi
495 1365 633 1430 criminis
648 1382 764 1442 causa,
789 1383 869 1450 quae
886 1365 948 1428 nisi
963 1371 1059 1440 esset,
1083 1363 1159 1452 quid
1173 1361 1373 1444 defenderet,
1396 1385 1460 1432 non
1474 1363 1626 1448 heberet;

263 1457 529 1526 ssfirmsmenmm
550 1466 674 1534 autem,
707 1461 794 1544 quod
823 1465 932 1524 contra
958 1457 1000 1526 ad
1022 1456 1271 1524 labefactandam
1293 1461 1451 1528 rationem
1474 1460 1624 1537 refertur,

301 1552 369 1619 sine
391 1573 454 1638 quo
468 1552 636 1620 accusatio
659 1560 742 1617 stare
764 1571 828 1616 uon
850 1560 964 1638 potest.
1009 1556 1112 1620 XXX.
1139 1555 1210 1620 sos.
1245 1559 1294 1621 Ex
1313 1555 1445 1623 rationis
1467 1565 1572 1624 autem
1594 1564 1628 1622 et

300 1670 342 1716 ex
361 1647 550 1716 firmamenti
572 1645 772 1714 conflictione
794 1657 827 1712 et
847 1647 938 1733 quasi
960 1644 1134 1741 concursu(
1137 1650 1281 1735 quaestio
1296 1654 1442 1718 exoritur
1456 1653 1623 1738 quaedam,

299 1768 394 1840 quam
415 1744 674 1831 disceptationem
696 1727 799 1853 voco)
831 1745 864 1807 in
887 1764 968 1829 qua,
992 1742 1067 1831 quid
1089 1746 1194 1810 veniat
1216 1744 1249 1810 in
1271 1745 1422 1812 iudicium
1445 1749 1538 1812 etde
1561 1766 1625 1833 quo

300 1843 510 1929 disceptetur,
534 1839 644 1925 quaeri
666 1838 757 1902 solet.
801 1839 881 1901 Nam
903 1839 1005 1924 prima
1026 1836 1278 1905 adversariorum
1300 1844 1460 1909 contentio
1482 1839 1626 1908 diffusam

261 1934 398 2002 sehabet
418 1936 651 2023 quaestionem,
686 1939 722 1996 ut
753 1929 788 1995 in
810 1933 1011 1998 coniectura:
1045 1933 1216 2017 Ceperitne
1249 1938 1398 2021 pecunias
1427 1940 1560 2018 Decius3
1593 1939 1627 2003 in

300 2029 503 2097 delinitione:
526 2028 715 2094 Minueritne
737 2023 930 2092 maiestatem
951 2024 1135 2106 Norbanum
1170 2025 1406 2116 inaequitate:
1437 2033 1551 2097 Iurene
1572 2051 1627 2097 oo·

300 2125 412 2193 uiderit
433 2122 576 2210 Opimius
601 2121 789 2186 Gracchum.
842 2122 947 2199 llaec,
981 2142 1062 2208 quae
1090 2124 1225 2205 primam
1253 2125 1488 2191 contentionem
1510 2122 1627 2192 babent

300 2241 342 2291 ex
362 2220 524 2306 mguendo
545 2226 578 2283 et
598 2212 791 2292 resistendo,
825 2216 908 2292 lata,
942 2223 978 2282 ut
1004 2215 1087 2293 dixi,
1120 2226 1153 2282 et
1178 2215 1248 2284 brsa
1270 2227 1354 2285 sunt.
1402 2221 1572 2285 Rationum
1594 2227 1628 2284 et

299 2314 570 2396 firmamentorum
599 2311 758 2377 contentio
787 2307 916 2376 adducit
942 2309 975 2376 iu
1003 2317 1170 2396 angustum
1199 2310 1471 2401 disceptationem.
1525 2317 1571 2381 Ea
1591 2313 1626 2380 in

262 2433 291 2474 ss
301 2411 482 2476 coniectura
503 2406 589 2475 nulla
611 2413 671 2471 est.
715 2408 817 2472 Nemo
847 2407 931 2472 euim
961 2403 1048 2484 sius,
1079 2408 1165 2490 quod
1186 2416 1281 2492 negat
1301 2406 1438 2485 lactum,
1471 2407 1627 2477 rationem

300 2513 354 2572 aut
374 2511 479 2588 potest
499 2511 554 2569 aut
575 2504 672 2567 debet
692 2507 748 2566 aut
769 2499 849 2566 solet
875 2498 1023 2566 reddere.
1069 2502 1179 2586 Itaque
1205 2500 1238 2569 in
1266 2503 1316 2568 liis
1338 2507 1440 2570 causis
1462 2503 1573 2570 eadem
1596 2511 1628 2570 et

300 2599 402 2685 prima
423 2598 568 2686 quaestio
590 2603 622 2661 et
644 2594 832 2679 disceptatio
854 2602 902 2660 est
923 2603 1077 2660 extrema.
1124 2598 1195 2660 105.
1219 2597 1256 2661 ln
1276 2595 1340 2662 illis
1361 2607 1485 2681 autem,
1506 2601 1562 2664 ubi
1583 2599 1627 2665 ita

301 2694 433 2762 dicitur:
465 2696 537 2760 Non
565 2690 678 2757 minuit
707 2687 923 2768 maiestatem,
958 2689 1044 2776 quod
1072 2690 1136 2776 egit
1156 2689 1196 2760 de
1219 2692 1378 2780 Caepione
1399 2691 1626 2774 turbulentius;

299 2787 409 2878 populi
424 2791 507 2854 euim
522 2785 654 2852 Romani
677 2783 769 2849 dolor
790 2782 890 2849 iustus
911 2785 975 2850 vim
998 2786 1086 2850 illam
1108 2785 1275 2861 excitavit,
1296 2807 1362 2853 non
1384 2788 1503 2855 tribuni
1525 2788 1625 2852 actio:

263 2886 446 2950 ssmaiestas
480 2889 603 2959 autem,
640 2877 790 2965 quoniam
821 2887 869 2943 est
898 2877 1080 2963 magnitudo
1113 2882 1269 2966 quaedam
1296 2879 1406 2968 populi
1435 2883 1567 2948 Romani
1594 2883 1628 2948 in

302 2981 369 3046 eius
391 2985 546 3064 potestate
567 2996 604 3042 ac
624 2975 695 3040 iure
723 2974 910 3064 retinendo,
944 2982 1035 3038 auctu
1062 2982 1110 3039 est
1130 2976 1237 3060 potius
1262 2995 1356 3060 quam
1378 2978 1561 3054 deminuta3
1596 2983 1629 3041 et

301 3072 356 3140 ubi
377 3075 420 3138 ita
440 3071 596 3139 refertur:
618 3070 764 3136 Maiestas
786 3077 834 3134 est
854 3068 887 3135 iu
908 3069 1034 3155 imperii
1055 3077 1149 3156 atque
1171 3067 1204 3135 in
1217 3068 1355 3136 nominis
1369 3071 1477 3157 populi
1493 3071 1626 3139 Romani

300 3169 467 3255 dignitate,
490 3188 583 3255 quarn
606 3165 785 3240 minuitis,
818 3164 872 3250 qui
894 3165 1037 3250 pervim
1058 3161 1264 3229 multitudinis
1284 3183 1354 3229 renr
1376 3167 1415 3230 ad
1438 3164 1625 3232 seditionem

300 3269 442 3347 vocavit;
473 3263 595 3330 exsistit
621 3263 675 3328 illa
696 3260 900 3345 disceptatio:
933 3257 1123 3323 Minueritne
1150 3259 1360 3339 maiestatem,
1390 3262 1444 3344 qui
1466 3259 1627 3324 voluntate

263 3361 412 3450 sopopnli
439 3361 573 3426 Romani
603 3379 671 3424 rem
699 3363 819 3441 gratam
849 3361 882 3417 et
907 3372 1041 3438 aequam
1068 3372 1128 3438 per
1154 3351 1219 3418 rim
1247 3356 1359 3438 egerit.
1410 3356 1481 3418 100.
1497 3356 1548 3418 *ln
1576 3352 1627 3418 bis

301 3467 405 3526 autem
428 3454 546 3532 causis,
578 3453 635 3520 nbi
660 3448 779 3538 aliquid
806 3455 892 3514 recte
920 3445 1037 3512 lactum
1057 3454 1112 3512 aut
1133 3446 1369 3513 concedendum
1391 3467 1461 3514 esse
1486 3443 1623 3532 [lactum]

302 3552 499 3630 defenditur,
533 3569 619 3618 cum,
634 3555 682 3614 est
709 3545 784 3611 lacti
813 3541 955 3609 subiecta
981 3543 1083 3619 ratio,
1119 3541 1201 3608 sicut
1221 3545 1261 3607 ab
1284 3541 1433 3627 Opimio:
1469 3545 1542 3608 Iuro
1563 3539 1624 3606 leci

301 3647 411 3716 salutis
432 3649 572 3713 omnium
604 3651 637 3710 et
657 3641 891 3709 conservandae
919 3633 1134 3723 reipublicae
1155 3655 1268 3716 csusa;
1298 3639 1494 3721 relatumque
1516 3643 1564 3702 est
1585 3637 1627 3699 ab

261 3789 266 3796 -
300 3745 418 3810 Decio:
450 3746 496 3808 Ne
526 3737 800 3806 sceleratissimum
827 3733 957 3820 quidem
979 3731 1081 3798 civem
1104 3733 1173 3798 sine
1194 3732 1312 3798 iudicio
1332 3731 1403 3798 iure
1424 3731 1488 3797 ullo
1510 3749 1627 3796 necare

262 3836 446 3928 sspotuieti3
480 3837 584 3903 oritur
612 3833 666 3900 illa
696 3828 899 3917 disceptatio:
937 3827 1122 3892 Potueritne
1152 3834 1240 3892 recte
1267 3826 1375 3893 saluus
1402 3825 1451 3892 rei
1481 3821 1626 3910 publicae

300 3955 397 4002 causa
417 3934 517 3998 civem
540 3948 725 3997 eversorem
746 3923 880 3991 civitatis
900 3919 1114 3988 indemnatum
1133 3926 1273 3988 nemrot
1308 3924 1356 3987 lta
1385 3919 1627 4008 disceptationes

300 4050 374 4106 eae,
407 4046 487 4114 quae
514 4028 549 4091 in
574 4023 626 4090 bis
653 4018 877 4089 controversiis
905 4017 1070 4094 oriuntur,
1106 4036 1186 4103 quae
1214 4024 1286 4082 sunt
1308 4015 1402 4082 certis
1423 4015 1569 4102 personna
1591 4020 1625 4078 et

300 4120 496 4212 temporibus
515 4125 640 4186 notatae
650 4163 660 4195 ,
683 4114 763 4182 finnt
782 4131 890 4180 rursus
909 4109 1050 4176 infinitae
1068 4109 1281 4198 detractisque
1296 4109 1491 4197 temporibus
1506 4116 1538 4174 at
1551 4126 1628 4196 per-

301 4222 387 4288 sonis
408 4235 533 4284 rursum
554 4215 594 4279 ad
616 4207 853 4278 consultationis
873 4206 1010 4272 formam
1031 4208 1249 4294 rationemque
1270 4213 1466 4272 revocantur.
1503 4206 1623 4270 XXXI.

263 4325 292 4370 tt
304 4317 376 4380 107.
401 4309 464 4379 Sed
484 4313 517 4376 in
538 4306 729 4396 mamssimis
750 4299 955 4370 firmamentis
976 4299 1072 4366 etiam
1093 4300 1148 4368 illa
1168 4303 1317 4385 ponenda
1337 4307 1430 4378 sunt,
1452 4301 1480 4366 si
1502 4321 1563 4389 qna
1584 4321 1626 4365 ex

372 4575 398 4626 1.
416 4575 535 4638 ponatur
552 4567 603 4621 (iu.
622 4564 689 4630 RV,
709 4563 823 4617 Lambr
840 4559 995 4628 pouiturll.
1018 4582 1047 4597 -
1077 4561 1124 4624 qut
1141 4559 1170 4611 id
1186 4560 1238 4613 Gn.
1252 4558 1285 4611 V.
1307 4583 1336 4598 -
1364 4556 1391 4609 0.
1410 4549 1527 4623 Denique
1543 4556 1575 4609 V.
1591 4580 1621 4596 ·—

301 4641 328 4696 0.
350 4643 507 4707 &teodonis
524 4651 656 4702 superser.
676 4639 730 4687 orts
747 4636 781 4688 a.
802 4661 832 4675 -
851 4635 878 4684 8.
897 4649 916 4684 u
927 4630 984 4683 RV.
1004 4658 1036 4670 -
1055 4630 1084 4682 a.
1102 4631 1174 4698 qood
1185 4631 1218 4684 a.
1240 4655 1269 4668 -
1289 4630 1334 4681 10.
1353 4635 1442 4682 ostem
1460 4627 1624 4693 appeltam

301 4714 358 4768 RV.
381 4742 410 4754 -
430 4716 475 4766 10.
495 4713 689 4780 conflictatione
706 4707 738 4757 Y.
759 4729 791 4744 -
821 4705 950 4772 quosdam
968 4703 1088 4755 sacrum
1107 4702 1158 4754 Gn.
1178 4702 1211 4754 V.
1232 4725 1262 4739 ·-
1294 4702 1338 4752 1³.
1357 4701 1476 4752 decurtat
1493 4700 1550 4752 RV.
1580 4700 1625 4760 (Ut

302 4797 366 4841 nos,
386 4782 430 4851 Y.)
449 4811 479 4825 -
508 4784 552 4836 18.
572 4783 634 4848 fauo
650 4780 805 4832 Manutius:
826 4771 1272 4840 confurultvlt‚dtffosn1.amb.
1293 4771 1495 4823 80000100-
1522 4769 1566 4822 ss.
1584 4773 1625 4820 tu·

302 4858 411 4908 sttsstmt
429 4870 470 4920 pr.
489 4856 528 4916 V,
546 4852 705 4905 toattssimus
723 4862 792 4900 corr.
811 4847 844 4899 V.
864 4869 896 4884 -
914 4847 969 4896 etan
988 4850 1043 4894 tusa
1059 4844 1135 4895 tttnm
1153 4843 1191 4904 V,
1209 4842 1300 4896 Lamb.
1322 4867 1351 4882 -
1370 4841 1416 4892 10.
1434 4842 1524 4905 potius
1540 4847 1578 4893 sst
1590 4841 1622 4892 V.

302 4953 337 4968 ·-
354 4928 398 4978 2¹1.
419 4932 457 4978 est
475 4929 505 4978 to
521 4925 626 4989 imperit
644 4928 722 4988 utque
738 4925 770 4973 to
787 4919 859 4970 omni
874 4915 967 4982 populi
985 4920 1090 4977 praeter
1107 4915 1265 4966 Lambtuum
1283 4913 1398 4966 edebant
1416 4912 1478 4964 tude
1503 4911 1537 4962 ab
1554 4911 1623 4965 Atdo

303 5011 390 5062 nsque
407 4998 440 5048 ad
459 4997 536 5049 Grut.
555 4995 684 5061 (Utres,
705 4991 806 5042 Yauv.
843 4989 910 5041 Nota
928 4985 1041 5051 Qntnttl.
1059 4987 1096 5046 7,
1115 4985 1148 5046 3,
1167 4983 1220 5036 ³52
1240 4991 1270 5035 ut
1286 4984 1374 5036 ctcsro
1392 4983 1477 5034 dtett:
1494 4982 1623 5035 Mausos

304 5073 342 5118 est
353 5069 503 5133 totmpsrto
521 5073 600 5133 utque
615 5065 644 5116 to
657 5061 875 5127 omnipopotens.
894 5052 1044 5124 mandute.)
1061 5081 1096 5094 -
1112 5055 1158 5108 01.
1175 5057 1277 5123 {ustum
1288 5069 1340 5110 om.
1354 5054 1405 5108 lid.
1418 5054 1504 5115 Ἴσιος
1525 5053 1624 5107 babeat

302 5139 368 5204 uv;
387 5152 435 5193 uos
453 5138 617 5192 sectnstmm.
639 5159 668 5176 ·-
689 5133 734 5188 07.
752 5130 788 5198 st]
808 5145 841 5185 os
857 5129 913 5186 RV.
