3746 5850
808 523 841 595 G.
864 521 916 591 39.
939 523 992 590 lt).
1493 515 1552 587 501

248 690 369 773 sumpta
390 690 443 752 aut
463 681 545 750 mula
565 684 713 750 conclusa
732 683 966 770 reprehendere
987 691 1020 750 et
1040 684 1151 750 eadem
1162 673 1220 774 (vel
1240 691 1370 769 auguste
1391 680 1556 757 disserere,

229 767 284 866 fist,
304 777 455 845 dialectici
476 776 531 889 qui
553 778 766 867 appellantur,
795 779 864 859 rel,
891 767 1107 872 etpratorem
1129 782 1236 855 decet,
1269 780 1330 845 late
1352 797 1556 864 expromere,
1616 801 1635 836 ι
1662 751 1684 846 i

247 872 331 940 illius
359 874 589 940 exercitationis
616 881 648 940 et
673 873 827 940 subtiliter
852 870 1029 961 disputandi
1052 880 1084 937 et
1104 872 1232 958 copiose
1252 874 1375 938 dicendi
1397 875 1471 940 artis
1495 881 1554 938 est.

250 967 322 1032 res.
355 970 402 1034 lle
423 965 514 1034 bouis
535 987 611 1034 vero
633 968 730 1035 rebus
750 977 783 1034 et
803 968 910 1044 malis,
943 967 1052 1054 aequis
1072 968 1203 1054 iniquis,
1234 966 1359 1034 utilibus
1383 967 1555 1043 inutilibus,

248 1064 386 1128 honestis
407 1059 550 1146 turpibus
571 1084 663 1150 quam
685 1070 789 1150 potest
809 1063 927 1130 habere
949 1071 1056 1129 orator
1074 1062 1141 1128 sine
1156 1062 1216 1129 illis
1231 1061 1436 1128 maximarum
1449 1082 1580 1133 rerumr

249 1156 368 1223 artibus
388 1155 564 1223 facultatem
586 1165 642 1223 aut
661 1157 801 1244 eopiamt
836 1160 943 1236 Quare
963 1160 1040 1223 haee
1061 1159 1120 1224 tibi
1141 1160 1216 1236 sint,
1249 1157 1292 1223 mi
1315 1157 1441 1235 Cicero,
1476 1177 1558 1244 quae

250 1251 400 1339 exposui,
424 1252 512 1339 quasi
533 1251 646 1318 iudicia
666 1253 801 1319 fontium
821 1252 964 1332 illorum3
986 1254 1024 1317 ad
1042 1273 1122 1338 quos
1137 1252 1164 1318 si
1178 1251 1268 1318 uobis
1290 1249 1406 1317 eisdem
1427 1251 1558 1318 (lucibus

249 1344 357 1412 aliisve
378 1346 574 1433 perveneris,
596 1357 661 1414 tum
683 1351 812 1413 ethaeo
832 1349 900 1434 ipsa
921 1346 1032 1413 melius
1055 1354 1087 1412 et
1106 1346 1204 1413 multo
1226 1347 1345 1411 maiora
1365 1344 1422 1410 alia
1443 1366 1559 1431 eogno-

249 1460 330 1506 sces.
375 1441 408 1508 G.
422 1444 458 1507 F.
481 1445 548 1528 Ego
569 1463 665 1519 raro,
695 1462 730 1507 ee
752 1462 866 1526 magno
888 1441 1015 1528 quidem
1036 1438 1157 1519 studio,
1186 1443 1230 1506 mi
1250 1448 1359 1527 pater;
1394 1439 1559 1526 multisque

250 1556 289 1600 ex
310 1532 373 1602 tuis
393 1535 646 1624 praeclarissimis
667 1537 850 1604 muneribus
871 1536 992 1604 nullum
1012 1535 1112 1602 maius
1134 1545 1291 1624 exspecto.
1568 1569 1596 1610 ,ο

318 1783 346 1835 2.
366 1797 516 1850 repressere
534 1785 586 1838 tiu·
606 1785 692 1839 oxon.
711 1785 793 1846 alter,
811 1786 874 1838 YV:
907 1787 1051 1852 capsim
1067 1786 1124 1841 ns.
1151 1811 1180 1826 -
1212 1785 1238 1840 θ.
1258 1785 1291 1840 V.
1310 1787 1378 1839 erttr
1395 1783 1501 1839 saelurlt
1517 1783 1563 1836 llr·

251 1857 359 1910 neruus·
379 1882 411 1895 -
429 1855 456 1910 8.
476 1862 531 1910 tum
548 1854 583 1923 et]
602 1861 657 1910 tum
674 1857 755 1910 utam
771 1855 803 1910 V·
825 1882 854 1896 -
873 1857 936 1911 tuoe
954 1873 1006 1913 om.
1021 1858 1079 1912 RV.
