3720 5840
289 461 330 527 26
793 467 845 531 AD
868 465 1101 534 HERENNIUM

287 645 358 689 cum
381 624 487 690 omnia
509 627 674 712 collegisse
696 627 875 705 videamur,
907 629 1043 715 aliquam
1065 631 1212 694 idoneam
1233 638 1355 716 partem
1377 634 1609 720 reliquerimus.

287 721 339 787 at.
364 723 443 785 ltem
466 722 581 785 vitiosa
602 724 757 806 expositio
780 731 843 798 θεῖ,
879 744 959 809 quae
983 732 1104 790 constat
1125 747 1164 790 ex
1185 728 1263 791 falsa
1285 732 1540 808 enumeratione;
1577 739 1613 794 ut

287 819 333 893 si,
358 838 430 881 aum
451 818 540 901 plura
557 825 652 892 sunt,
674 819 824 900 pauciora
846 819 1003 894 dicamus,
1037 820 1099 884 hoc
1119 824 1233 885 modo:
1271 825 1359 886 Duae
1381 845 1431 888 res
1454 832 1541 900 sunt,
1564 827 1613 888 iu-

148 907 180 1002 Ᾰ
287 913 388 986 dices,
431 932 511 996 quaa
542 912 688 976 homines
720 915 760 976 ad
795 911 984 976 maleficium
1020 915 1203 1000 impellunt,
1240 919 1381 1002 luxuries
1408 925 1440 982 θῖ
1468 920 1609 983 avaritia.

263 1007 370 1083 sQuid
392 1011 503 1070 amori
536 1008 657 1093 inquiet
678 1009 849 1092 quispiam;
872 1010 947 1093 quid
970 1010 1119 1073 ambitio?
1150 1012 1226 1096 quid
1248 1001 1381 1094 religio?
1413 1013 1487 1098 quid
1510 1021 1612 1076 metus

286 1102 419 1165 mortis?
441 1103 516 1187 quid
537 1104 662 1189 imperii
684 1105 858 1187 cupiditas?
886 1105 961 1188 quid
983 1104 1119 1191 denique
1140 1107 1201 1170 alia
1221 1109 1399 1191 permulta?
1433 1109 1512 1171 ltem
1534 1108 1612 1172 falsa

286 1197 481 1260 enumeratio
506 1206 570 1274 est,
602 1221 673 1263 aum
695 1201 845 1285 pauciora
867 1208 939 1264 sunt
965 1207 997 1264 θῖ
1016 1203 1107 1286 plura
1128 1201 1276 1274 dicimus,
1304 1202 1367 1264 hoc
1387 1203 1502 1265 modo:
1535 1205 1612 1264 Tres

179 1341 183 1349 .
284 1311 336 1354 res
358 1299 445 1366 sunt,
477 1313 558 1378 quae
579 1297 725 1359 homines
746 1295 933 1369 sollicitant,
964 1304 1084 1384 metus,
1115 1296 1284 1384 cupiditas,
1309 1297 1484 1378 aegritudo.
1531 1297 1612 1358 Satis

286 1387 371 1451 enim
393 1387 497 1451 suerat
518 1391 635 1453 dixisse
657 1396 776 1452 matum
798 1398 830 1452 et
852 1379 1072 1474 cupiditatem
1111 1391 1260 1472 quoniam
1289 1391 1517 1474 aegritudinem
1540 1411 1611 1452 cum

248 1490 418 1569 tantisque
448 1505 482 1548 re
512 1485 710 1547 coniunctam
741 1505 810 1548 esse
835 1505 965 1548 necesse
987 1490 1045 1546 est.
1089 1484 1191 1546 xxfl.
1217 1485 1294 1548 Item
1318 1486 1431 1548 vitiosa
1454 1485 1610 1568 expositio

286 1585 351 1654 est,
381 1599 462 1664 quaa
484 1580 616 1642 nimium
638 1582 733 1663 longe
756 1579 925 1664 repetitur,
954 1579 1016 1642 hcc
1038 1579 1151 1641 modo:
1187 1580 1334 1643 Omnium
1356 1581 1512 1643 malorum
1535 1581 1612 1642 atul-

284 1673 352 1736 titia
374 1681 423 1736 ast
444 1682 559 1748 mater,
585 1694 665 1759 qaae
687 1693 762 1758 prae
785 1674 897 1738 ceteris
912 1673 994 1757 parit
1008 1673 1177 1736 immensas
1193 1676 1389 1758 cupiditates.
1434 1675 1610 1738 Immensae

284 1785 380 1852 porro
414 1768 600 1851 cupiditates
626 1766 765 1831 infinitae
795 1765 847 1851 [et]
877 1770 1104 1832 immoderatae
1135 1775 1218 1831 sunt.
1264 1771 1331 1832 Hae
1361 1769 1486 1853 pariunt
1512 1768 1611 1832 arari-

284 1862 372 1923 tiam.
416 1861 555 1924 Avaritia
581 1879 678 1944 porra
706 1863 869 1924 hominem
898 1863 936 1924 ad
965 1863 1099 1946 quodvis
1128 1860 1316 1926 maleficium
1337 1864 1481 1948 impellit.
1525 1865 1610 1944 Ergo

246 1954 413 2017 atavaritia
436 1954 555 2017 inducti
577 1956 747 2018 adversarii
768 1957 869 2019 nostri
889 1957 951 2018 hcc
978 1957 1010 2018 in
1032 1977 1066 2019 εθ
1088 1956 1208 2020 facinus
1230 1959 1434 2021 admiserunt.
1480 1958 1539 2020 Hic
1560 1958 1608 2032 id,

284 2050 370 2133 quod
393 2055 568 2112 extremum
590 2050 708 2112 dictum
730 2057 793 2125 est,
827 2052 902 2114 satis
924 2047 983 2114 luit
1005 2070 1179 2136 exponere,
1212 2073 1253 2116 ne
1274 2054 1411 2118 Ennium
1435 2059 1467 2116 et
1488 2061 1610 2118 ceteros

283 2150 394 2228 politas
416 2143 594 2221 imitemur,
618 2146 732 2229 quibus
754 2148 816 2208 hoe
838 2146 934 2208 modo
957 2145 1044 2230 loqui
1067 2166 1251 2210 conoessum
1275 2155 1339 2210 est:

456 2269 576 2332 Uticam
596 2287 632 2330 ae
654 2269 687 2330 iu
707 2287 825 2331 memora
846 2269 928 2330 Pelio
949 2269 1101 2331 securibus

452 2364 545 2426 Caeso
565 2363 715 2426 cecidisset
736 2364 860 2444 ubisque
881 2365 920 2426 ad
940 2373 1054 2426 terram
1075 2365 1172 2427 trabes
1178 2386 1187 2437 ;

451 2461 528 2522 ll'ece
549 2459 616 2521 iude
637 2461 724 2520 uocis
746 2459 928 2521 iucbooudae
949 2460 1108 2522 scordium

453 2555 615 2635 Coepisset,
639 2574 713 2636 quae
734 2572 812 2616 auae
832 2556 1008 2616 nominatur
1028 2556 1146 2617 nomiae

451 2650 550 2730 Areo,
573 2669 632 2730 qua
653 2650 727 2711 vecti
748 2647 856 2730 Arqici
876 2648 978 2710 delecti
998 2650 1060 2710 ciri

393 2807 397 2817 ,
451 2744 589 2805 Petebant
610 2743 695 2805 illam
711 2744 818 2824 pellem
839 2745 1014 2805 inauratam
1035 2743 1140 2804 arietis

453 2837 584 2910 Colchis,
607 2838 734 2917 imperio
757 2839 837 2918 repis
857 2827 971 2910 Peliae,
990 2855 1047 2918 per
1067 2838 1182 2910 dotum‚·

245 2951 272 2992 as
453 2933 532 2995 Nam
552 2951 705 3013 uunquam
726 2933 799 2993 bera
820 2949 927 2994 errans
948 2951 1014 2993 mea
1034 2932 1120 2992 domo
1142 2931 1258 3013 efferret
1273 2935 1395 3016 pedem,

451 3026 569 3100 Medea,
592 3029 694 3089 animo
716 3045 821 3110 aequa,
845 3046 947 3090 amore
968 3047 1054 3090 saeuo
1076 3028 1191 3089 saucia.

281 3168 360 3230 Nam
381 3165 434 3230 hic
456 3167 530 3230 salis
552 3174 620 3231 erat
641 3168 765 3243 dicere,
789 3168 815 3231 si
837 3168 869 3232 id
885 3170 1000 3243 modo,
1025 3171 1110 3254 quod
1126 3178 1209 3234 esset
1223 3172 1315 3247 satis,
1340 3178 1480 3236 curasset
1493 3179 1603 3259 polita:

454 3289 574 3352 Utinam
594 3309 630 3353 ae
651 3291 724 3354 ltere
746 3309 853 3354 erraras
874 3310 940 3354 maa
960 3292 1046 3355 dumo
1068 3292 1182 3374 efferret
1197 3294 1319 3376 pedem,

449 3385 551 3448 Medea
572 3419 624 3448 -·.

245 3530 365 3610 mErgo
395 3526 455 3590 hac
488 3546 613 3611 quoqne
645 3529 685 3590 ab
714 3527 824 3590 ultimo
853 3527 1040 3610 repetitione
1070 3529 1102 3591 in
1140 3528 1389 3615 expositionibus
1417 3550 1609 3618 magnopere

281 3622 548 3705 supersedendum
572 3628 629 3684 θεῖ.
675 3623 746 3683 Non
776 3620 859 3684 enim
889 3623 1155 3706 reprehensione,
1193 3626 1274 3689 sicut
1302 3628 1381 3690 aliae
1410 3628 1606 3712 complures,

281 3719 336 3780 sed
359 3737 414 3780 sua
436 3723 547 3801 sponte
570 3716 682 3779 vitiosa
705 3723 763 3778 est.
808 3713 925 3778 XXlll.
951 3719 1003 3779 35.
1026 3718 1147 3782 Vitiosa
1169 3721 1249 3783 ratio
1272 3729 1338 3797 est,
1362 3741 1442 3806 quae
1457 3723 1497 3785 ad
1512 3741 1610 3806 expo·

281 3813 426 3875 sitionem
449 3832 513 3874 non
537 3819 583 3874 est
605 3811 840 3874 accommodata
861 3811 912 3874 vel
932 3821 1061 3896 propter
1083 3812 1293 3879 infirmitatem
1314 3817 1365 3880 vel
1379 3823 1508 3901 propter
1521 3817 1609 3881 vani-

280 3914 388 3970 tatem.
433 3903 560 3969 lnlirma
581 3906 660 3968 ratio
684 3913 746 3979 est,
772 3925 851 3990 quae
872 3925 937 3968 non
958 3909 1137 3972 necessario
1160 3912 1298 3974 ostendit
1318 3911 1361 3974 ita
1382 3932 1470 3986 esse,
1500 3931 1609 3996 quem·

244 4019 271 4062 ss
285 4002 456 4064 admodum
480 4001 658 4085 expositum
682 4009 743 4078 cst;
765 4002 851 4064 velut
872 4002 955 4085 apud
976 4002 1136 4066 Plautum:

350 4219 376 4268 3.
396 4221 450 4268 sint
468 4218 531 4278 AT,
552 4217 582 4268 l..
604 4243 634 4254 -
654 4218 680 4269 1.
700 4219 816 4268 laminas
835 4221 870 4276 B.
889 4220 928 4275 L,
951 4219 1028 4269 San:
1059 4235 1146 4272 omaus
1164 4223 1293 4280 Purus,
1315 4223 1346 4272 Ε.
1366 4248 1397 4259 -
1416 4225 1553 4288 impsltaat
1571 4228 1606 4288 P,

282 4290 439 4352 compellunt
458 4289 510 4338 FT.
526 4313 556 4324 —
577 4289 603 4339 5.
622 4291 709 4352 lnquit
726 4289 776 4338 PF.
797 4315 828 4327 -
846 4292 941 4351 reltqta
955 4290 1024 4340 ΑΒΕ
1043 4299 1068 4342 at
1087 4305 1126 4353 pr.
1142 4293 1197 4342 PF:
1219 4294 1342 4360 inrattqt'o
1361 4295 1402 4354 T,
1423 4308 1459 4344 ra.
1475 4309 1540 4347 corr.
1556 4297 1606 4351 ΡΤ.

282 4359 313 4408 Ε.
332 4382 358 4394 -
379 4359 406 4410 7.
426 4359 540 4409 dicemus
558 4360 591 4408 Τ.
611 4383 639 4396 -
658 4360 683 4409 8.
704 4361 820 4410 bomiaes
838 4361 944 4411 ABFT:
965 4374 1052 4410 omnes
1070 4361 1186 4411 borsines
1204 4365 1264 4422 Pli,
1284 4365 1314 4413 Ε.
1337 4390 1365 4400 -
1394 4367 1437 4416 13.
1457 4379 1524 4428 quaa
1541 4381 1608 4430 pras

281 4431 373 4480 ceteris
389 4431 466 4491 parit
484 4431 546 4488 ΑΤ,
565 4430 603 4479 L:
633 4445 698 4493 quas
714 4434 789 4492 para
810 4431 841 4481 u.
875 4432 916 4494 (ln
942 4433 1036 4480 ceteris
1061 4435 1174 4490 nostris,
1205 4436 1253 4484 etsi
1279 4433 1400 4491 turbant,
1426 4439 1521 4487 lasum
1539 4441 1607 4488 clara

282 4509 387 4551 nostrae
408 4501 527 4551 lectionis
547 4504 674 4564 resume,
694 4502 773 4552 ueluti
793 4515 833 4564 pr.
847 4503 885 4551 T:
914 4505 999 4549 mater
1018 4509 1096 4564 atqua
1113 4508 1272 4565 praeterisse
1288 4507 1379 4567 parit,
1400 4506 1436 4555 B:
1466 4515 1553 4557 mater
1571 4514 1608 4558 est

281 4576 361 4632 atque
378 4573 517 4631 materies,
538 4585 569 4620 ca
585 4575 676 4634 parit,
698 4569 760 4634 cet.)
777 4599 802 4608 -
826 4572 869 4623 13.
892 4577 916 4620 st
933 4585 985 4620 om.
1005 4569 1150 4625 ΡΑΕΤΕΤ.
1169 4575 1222 4626 Nos
1236 4577 1400 4626 seclusimus.
1422 4602 1449 4614 -
1472 4578 1515 4627 st.
1536 4579 1606 4644 Erpa

281 4641 433 4692 Passus:
461 4643 546 4704 talcar
565 4643 595 4691 E.
627 4667 655 4678 -
684 4643 727 4692 15.
747 4647 777 4694 tn
794 4640 830 4707 se]
854 4646 883 4694 ia
905 4655 946 4690 mo
971 4642 1085 4694 malebat
1109 4647 1242 4696 Ruhnlen
1265 4648 1298 4695 ad
1324 4647 1406 4697 Rultl.
1426 4661 1452 4710 p.
1466 4646 1510 4697 83.
1548 4650 1606 4700 Non

284 4714 378 4775 probo.
406 4735 437 4746 -
468 4712 511 4762 13.
532 4725 625 4762 caesas
654 4715 803 4763 cecidissent
828 4714 953 4778 abisquae
969 4712 1114 4764 extruas.
1146 4715 1238 4774 (Caesa
1261 4719 1395 4768 accidisset
1416 4718 1606 4781 Oudendorpla

281 4790 388 4834 auctore
409 4779 482 4844 Scb.)
508 4806 535 4817 -
571 4783 615 4833 36.
639 4785 836 4837 lluncvemum
857 4792 940 4835 totum
959 4786 1207 4846 omittunthBT,
1240 4793 1604 4843 amorasasuosauar'acm.

280 4855 314 4904 ll.
334 4879 363 4891 -
385 4853 429 4904 2¹1.
448 4855 514 4902 satis
531 4859 594 4904 asset
612 4854 711 4904 PABT.
728 4879 758 4892 ·-
777 4859 900 4905 curarent
916 4859 1008 4916 poetas
1024 4855 1059 4916 P,
1083 4862 1187 4907 curarat
1197 4862 1277 4918 passa
1289 4859 1346 4918 AF,
1367 4867 1502 4910 curassent
1514 4865 1607 4921 peltae

281 4925 313 4974 B.
344 4951 364 4962 -
385 4924 429 4974 29.
449 4925 538 4974 medea
556 4925 667 4974 uomodo
685 4937 749 4976 rouo
768 4923 826 4990 (stc)
844 4928 937 4975 sauata
955 4937 995 4986 pr.
1015 4927 1049 4986 P,
1067 4928 1156 4978 medea
1175 4941 1256 4992 aspro
1275 4943 1366 4980 amors
1383 4931 1478 4978 saucia
1495 4931 1562 4982 ΑΕΤ
1580 4941 1608 4984 θι

282 5009 349 5046 corr.
366 4995 400 5048 P.
421 4994 513 5043 medea
532 4998 621 5045 animo
640 5009 702 5060 cara
720 5009 810 5046 amors
827 4996 922 5045 saucia
939 4995 995 5044 llll.
1021 5021 1045 5032 ·-
1078 4997 1121 5046 30.
1142 4997 1190 5048 Vs.
1210 4999 1327 5062 creon
1345 5007 1436 5064 sponte
1454 5003 1552 5051 utttom
1569 5008 1608 5053 ast

281 5066 333 5116 dcl.
352 5065 414 5116 Sclr.
435 5089 468 5100 -
497 5065 540 5114 31.
565 5067 763 5130 reprehensione
786 5066 832 5117 sad
855 5068 922 5116 siam
942 5065 999 5129 PB,
1027 5069 1225 5130 reprohensione
1246 5070 1420 5138 saetacum
1438 5073 1503 5122 siem
1520 5073 1552 5123 Τ.
1572 5098 1607 5110 -·

281 5136 325 5188 32.
343 5137 389 5189 scd
407 5151 459 5189 om.
481 5135 557 5186 ΡΕΤ.
