3746 5850
586 447 640 514 Ao
662 448 705 512 11.
728 445 889 513 BRUTUll
910 445 944 512 C.
969 445 1020 512 35.
1044 448 1097 512 33.
1122 449 1175 516 37.
1480 442 1544 512 437

223 608 294 696 qui,
328 604 404 696 quid
432 607 558 685 deceat,
592 604 721 674 videbit.
781 606 868 672 llaec
903 606 987 671 enim
1015 605 1168 694 sapientia
1198 605 1334 674 maxime
1366 601 1545 684 adhibenda

223 702 383 787 eloquenti
414 710 479 781 est,
513 709 550 768 ut
577 701 617 769 sit
644 710 821 788 temporum
848 719 1121 788 personarumque
1141 700 1334 768 moderator.
1379 703 1458 767 Nam
1479 721 1540 766 nec

222 816 348 881 semper
372 815 432 861 nec
452 798 536 880 apud
558 815 666 862 omnes
686 815 746 860 nec
767 802 877 861 contra
899 815 1009 860 omnes
1030 817 1089 862 noc
1110 817 1169 883 pro
1192 795 1338 863 omnibus
1359 815 1419 860 nec
1441 795 1543 859 omni-

222 894 280 960 bus
295 889 406 957 eodem
421 890 515 957 modo
531 889 698 957 dicendum
712 893 858 957 arbitror.
902 891 1047 957 xxxvl.
1069 892 1100 958 Is
1121 893 1182 957 erit
1197 911 1273 977 ergo
1294 889 1465 975 eloquens,
1487 886 1542 974 qui

222 986 325 1059 adid,
348 989 558 1074 quodcunque
579 987 722 1062 decebit,
743 987 861 1072 poterit
881 985 1120 1053 accommodare
1134 988 1319 1053 orationem.
1364 985 1455 1064 Quod
1471 999 1566 1048 cums

221 1083 380 1157 statuerit,
403 1090 485 1157 tnm,
518 1089 553 1147 ut
574 1080 713 1166 quidque
736 1082 796 1146 erit
817 1079 1001 1158 dicendum,
1034 1081 1078 1146 ita
1099 1079 1195 1158 diost,
1229 1102 1289 1147 nec
1311 1087 1415 1146 satura
1436 1077 1543 1144 ieiune

221 1195 281 1242 nec
296 1175 427 1261 grandia
448 1177 568 1242 minute
589 1194 649 1242 nec
668 1177 746 1240 item
769 1184 893 1251 conua,
917 1178 972 1242 sed
996 1175 1056 1242 erit
1077 1174 1173 1242 robus
1193 1175 1271 1261 ipsis
1286 1195 1343 1262 par
1357 1181 1390 1239 et
1403 1169 1543 1257 aequalis

222 1272 333 1336 oratio.
380 1271 453 1336 131.
476 1268 634 1356 Principia
653 1269 847 1346 verecunda,
870 1292 934 1336 non
955 1269 1044 1336 elatis
1065 1271 1192 1338 incensa
1215 1269 1342 1346 verbis,
1375 1265 1544 1334 sedecula

222 1365 382 1434 sententiis
414 1367 466 1432 vel
492 1367 533 1430 ad
562 1363 768 1432 offensionem
796 1362 969 1432 adversarii
996 1367 1047 1431 rel
1075 1364 1114 1432 ad
1143 1365 1447 1432 commendationem
1480 1359 1540 1426 sui.

221 1462 424 1527 Narrationes
455 1456 637 1532 credibiles,
667 1479 726 1526 nee
754 1459 925 1536 historico,
964 1461 1019 1525 sed
1048 1480 1150 1545 prope
1179 1458 1363 1545 quotidiano
1397 1475 1581 1522 sermones·

222 1556 396 1643 explicatae
421 1551 567 1620 dilucide.
612 1552 732 1619 Deinde
760 1556 786 1620 si
814 1553 918 1620 tenuis
947 1573 1040 1620 eausa
1072 1563 1134 1631 est,
1164 1562 1231 1620 tum
1263 1553 1357 1619 etiam
1378 1569 1544 1636 argumen-
1587 1598 1589 1603 ·

221 1649 306 1717 tandi
328 1660 423 1716 tenue
443 1647 531 1714 filum
554 1655 586 1714 et
607 1648 640 1715 in
661 1645 803 1714 docendo
826 1656 858 1714 et
878 1649 912 1712 in
940 1647 1133 1725 refellendo,
1169 1650 1269 1734 idque
1299 1647 1342 1712 ita
1372 1648 1542 1720 tenebitur,

220 1753 271 1819 ut,
306 1751 422 1829 quanta
443 1745 483 1808 ad
504 1761 590 1817 rem,
623 1749 710 1809 tanta
731 1740 771 1808 ad
792 1743 968 1808 orationem
991 1739 1046 1808 fiat
1066 1741 1215 1808 accessio.
1261 1744 1333 1807 125.
1366 1743 1441 1808 Cum
1465 1759 1543 1806 vero

221 1858 315 1904 causa
337 1858 374 1904 ea
394 1839 556 1910 inciderit,
581 1841 613 1902 in
635 1857 697 1924 qua
718 1835 766 1903 ris
788 1838 984 1922 eloquentiae
1006 1838 1107 1923 possit
1121 1839 1285 1921 expromi,
1307 1844 1374 1902 tum
1397 1833 1544 1901 solatius

220 1929 331 1998 tundet
359 1939 480 2008 orator,
513 1937 580 1996 tum
607 1939 697 2016 reget
726 1940 757 1997 et
777 1928 881 1995 llectet
901 1931 1025 1996 animos
1047 1939 1079 1996 et
1100 1930 1146 1998 sic
1166 1930 1293 2009 alliciet,
1315 1939 1351 1997 ut
1372 1933 1474 2010 volet,
1510 1928 1581 1998 idas

220 2016 343 2102 est,t‘ut
363 2046 475 2094 causae
497 2034 604 2092 natura
625 2034 658 2090 et
677 2027 760 2092 ratio
779 2026 930 2111 temporis
952 2015 1152 2114 postulabit.)
1609 2031 1698 2106 φ)

306 2120 368 2188 Sed
397 2120 459 2187 erit
478 2118 595 2208 duplex
616 2119 717 2186 omnis
738 2118 807 2186 eius
828 2129 956 2186 omatus
976 2120 1029 2186 ille
1050 2113 1264 2199 admirabilis,
1295 2127 1426 2209 propter
1447 2140 1542 2206 quem

220 2215 359 2282 ascendit
379 2215 414 2282 in
435 2223 556 2282 unium
577 2213 732 2282 bonorem
753 2213 945 2301 eloquentia.
989 2220 1068 2283 Nam
1089 2237 1161 2283 cum
1183 2220 1285 2284 omnis
1300 2213 1541 2302 persecutionis

220 2331 290 2380 esse
311 2308 407 2378 debet
426 2309 611 2386 laudabilis,
647 2311 693 2376 sic
715 2321 750 2376 ut
771 2308 902 2377 verbum
923 2310 1044 2378 nullum
1065 2311 1127 2378 nisi
1148 2321 1203 2379 aut
1223 2333 1319 2396 grave
1341 2317 1396 2376 aut
1418 2307 1543 2394 elegans

220 2408 362 2482 excidat,
398 2413 465 2470 tum
498 2412 571 2468 sunt
599 2403 733 2470 maxime
762 2403 939 2470 luminosae
966 2412 999 2470 et
1026 2407 1116 2491 qnasi
1144 2414 1290 2473 actuosae
1311 2413 1416 2492 partes
1437 2402 1581 2482 duae;so

220 2521 353 2587 quarum
363 2491 507 2576 (alteram
515 2481 568 2582 fin
595 2499 733 2564 universi
762 2498 887 2583 generis
909 2498 1094 2584 quaestione
1116 2519 1217 2586 pono,
1251 2521 1363 2588 quam,
1385 2508 1420 2565 ut
1449 2518 1545 2584 supra
1643 2513 1712 2606 pq

220 2594 297 2667 dixi,
321 2594 431 2658 Graeci
453 2592 611 2680 appellant
631 2600 722 2660 beosa
765 2595 895 2659 alteram
918 2594 951 2658 in
965 2593 1116 2678 augendis
1130 2589 1418 2680 amplifieaddisqne
1433 2594 1542 2668 rebus,
1613 2546 1618 2665 ,d

220 2706 302 2784 qnae
322 2688 363 2753 ab
385 2688 504 2752 eisdem
526 2686 659 2766 αὔξησις
681 2696 728 2752 est
741 2669 925 2787 nominata.)
961 2690 1032 2754 tao.
1057 2688 1148 2766 Quae
1170 2691 1228 2754 etsi
1250 2690 1455 2776 aequabiliter
1477 2693 1544 2754 toto
1612 2678 1615 2699 ’

221 2801 356 2867 corpore
378 2779 530 2846 orationis
550 2778 620 2846 lusa
643 2801 712 2847 esse
735 2784 845 2858 debet,
879 2790 983 2848 tamen
1012 2784 1045 2847 in
1067 2785 1286 2850 communibus
1306 2783 1384 2849 locis
1406 2782 1544 2849 maxime

220 2875 374 2954 excellet;
407 2873 461 2961 qui
491 2893 672 2942 communes
701 2875 847 2963 appellati
879 2885 954 2943 sunt
990 2896 1047 2953 eo,
1084 2880 1169 2962 quod
1198 2877 1345 2945 ridentur
1372 2880 1581 2944 multarumss

219 2969 316 3037 iidem
338 2990 408 3035 esse
430 2989 609 3047 causarum,
643 2972 699 3037 sed
728 2969 851 3056 proprii
877 2971 1068 3057 singularum
1096 2991 1165 3038 esse
1186 2970 1359 3039 debebunt.
1403 2976 1442 3037 At
1464 2991 1541 3038 vero

219 3064 273 3130 illa
302 3084 373 3151 pars
399 3063 569 3141 orationis,
603 3086 684 3153 qnae
713 3075 761 3131 est
792 3070 831 3133 de
859 3084 976 3152 genere
1004 3069 1176 3143 universo,
1212 3075 1292 3133 totas
1314 3088 1424 3134 causas
1445 3086 1541 3150 saepe

219 3161 368 3226 continet.
414 3157 576 3245 Quidquid
604 3169 651 3226 est
678 3161 761 3226 enirn
782 3142 948 3236 illud,(in
970 3181 1033 3246 quo
1055 3163 1144 3246 quasi
1166 3169 1324 3228 certamen
1347 3171 1395 3230 est
1415 3170 1543 3228 contro·

218 3254 354 3329 versiae,
376 3253 463 3341 quod
485 3255 603 3320 Graece
625 3256 818 3342 κρινόμενον
840 3244 978 3340 dicitur>
993 3255 1026 3322 id
1046 3257 1091 3322 ita
1112 3255 1173 3322 dici
1195 3259 1313 3341 placet,
1342 3266 1377 3322 ut
1397 3259 1542 3324 traduca-
1652 3255 1701 3322 ,ἰν

218 3357 270 3416 1ιιι
297 3351 336 3414 ad
367 3347 554 3436 pe'r'petuam
582 3353 800 3436 quaestionem
829 3360 923 3438 atque
951 3359 987 3416 ut
1013 3353 1052 3416 de
1079 3353 1228 3418 universo
1260 3373 1377 3439 genere
1399 3351 1578 3431 dicatur3so

217 3447 279 3512 nisi
300 3465 372 3512 oum
388 3448 427 3510 de
441 3465 518 3511 vcro
534 3447 730 3530 ambigetur,
753 3448 840 3530 quod
855 3448 965 3531 quaeri
981 3445 1164 3512 coniectura
1179 3446 1270 3512 solet.
1317 3451 1388 3512 127.
1412 3448 1540 3511 Dicetur

218 3548 322 3606 autem
344 3559 407 3604 uon
422 3539 703 3626 Peripateticorum
726 3560 816 3606 more
837 3547 941 3604 -est
962 3541 1047 3604 anim
1067 3539 1195 3606 illorum
1212 3539 1397 3607 exercitatio
1412 3538 1539 3624 elegans

217 3640 281 3701 iam
294 3631 368 3699 inde
384 3636 423 3699 ab
438 3634 606 3699 Aristotele
628 3636 795 3699 constituta
808 3668 870 3709 -,
893 3631 949 3698 sed
964 3635 1124 3719 aliquanto
1140 3634 1304 3699 nervosius
1326 3641 1359 3699 et
1380 3633 1423 3698 ita
1444 3632 1483 3698 de
1504 3652 1541 3698 re

218 3728 396 3793 communia
425 3729 585 3804 dicentur,
619 3737 655 3793 ut
682 3735 714 3793 et
739 3746 797 3812 pro
819 3726 882 3792 reis
904 3725 1001 3793 mulla
1022 3726 1134 3792 leniter
1155 3730 1301 3794 dicantur
1322 3736 1354 3793 et
1373 3726 1408 3794 in
1430 3724 1542 3792 adrer-

218 3824 318 3888 sarios
340 3841 463 3904 aspere.
505 3820 663 3905 Augendis
685 3841 763 3887 vero
785 3822 881 3886 rebus
904 3830 937 3886 et
957 3829 1066 3886 eontra
1080 3819 1264 3886 abiiciendls
1278 3821 1356 3888 nihil
1372 3829 1431 3898 est,
1454 3820 1577 3907 quodss

218 3935 282 3982 non
304 3913 456 4000 perficere
477 3916 575 4003 possit
597 3917 717 3995 oratio;
752 3917 837 4001 quod
867 3923 899 3980 et
927 3913 1010 3980 inter
1030 3913 1135 3981 media
1156 3923 1341 4000 argumenta
1361 3914 1541 3982 laciendum

219 4019 282 4086 est,
307 4014 555 4097 quotiescunque
569 4008 696 4075 dabitur
708 4007 760 4075 vel
781 4009 992 4097 amplificandi
1011 4008 1063 4077 vel
1084 4008 1247 4078 minuendi
1262 4012 1368 4088 locus,
1392 4020 1424 4076 et
1438 4031 1540 4099 paene

218 4101 338 4170 infinite
359 4104 392 4169 in
413 4106 603 4189 perorando.

302 4201 464 4266 XXXVll.
490 4202 561 4266 128.
584 4203 655 4265 lloo
677 4206 768 4276 sunt,
802 4219 882 4286 quae
904 4197 987 4265 bene
1008 4207 1138 4266 tractata
1159 4199 1199 4268 ab
1221 4209 1350 4269 oratore
1371 4199 1540 4268 admirabi-

218 4293 280 4362 lem
314 4292 525 4380 eloquentiam
556 4294 695 4375 iaoiant;
730 4316 865 4381 quorum
895 4295 1027 4362 alterum
1059 4303 1120 4372 est,
1160 4300 1246 4384 qnod
1279 4298 1391 4366 Graeci
1423 4298 1607 4379 ἤθικόνιι.

286 4476 313 4526 1.
332 4475 427 4525 uiderit
445 4473 487 4535 A,
514 4475 566 4525 Gu.
587 4475 613 4527 3.
637 4500 673 4513 -·
708 4476 840 4537 eloquenti
868 4478 985 4528 maatms
1013 4477 1162 4528 adhibenda
1192 4478 1226 4530 ll.
1254 4503 1289 4514 -
1318 4479 1345 4530 8.
1364 4480 1481 4530 nondum
1498 4479 1539 4540 A,

219 4546 272 4600 (lu.
291 4545 318 4597 3.
345 4568 376 4581 -
408 4547 511 4596 latmo
530 4546 581 4598 Gu.
601 4545 643 4605 3.,
663 4547 701 4606 L,
728 4548 830 4598 intento
855 4548 910 4613 big.
930 4549 1037 4610 lispett.
1056 4549 1150 4601 Lsrnb.
1176 4572 1211 4585 -
1241 4551 1283 4601 11.
1311 4551 1335 4600 sl
1353 4552 1438 4601 tenuis
1458 4563 1541 4601 cossa

217 4625 274 4680 est,
294 4623 349 4668 taos
365 4615 419 4666 Vll.
440 4623 467 4668 st
484 4617 524 4668 ll:
549 4622 573 4668 ss·
590 4621 680 4669 tenues
698 4631 813 4676 cousus,
834 4626 890 4669 tum
909 4631 968 4670 eum
990 4619 1123 4684 plerisque
1143 4619 1226 4671 Godd.
1247 4617 1331 4685 (blus.
1347 4620 1399 4671 Gu.
1415 4625 1440 4672 1.
1454 4618 1494 4684 2.)
1507 4620 1539 4671 ll.

219 4714 249 4727 -
269 4689 313 4739 17.
333 4687 388 4738 stus
405 4689 489 4738 omnts
506 4695 618 4740 ooootsu
635 4690 659 4740 A
677 4693 772 4740 cessele
791 4701 850 4740 cum
871 4689 1043 4753 lnterpolstts.
1065 4689 1162 4752 (omnis
1179 4692 1231 4742 del.
1250 4691 1374 4744 censebat
1394 4691 1493 4751 Beier-l
1508 4715 1538 4730 -·

216 4761 261 4812 2⁰.
289 4760 425 4810 luctuosus
451 4757 553 4809 Nonius
578 4762 606 4810 lu
629 4773 671 4812 ιν.
690 4761 824 4810 mosomus
851 4767 877 4812 et
895 4759 1063 4810 luminosam.
1094 4783 1121 4796 -
1154 4761 1198 4811 2³.
1217 4763 1365 4826 aequaliter
1384 4763 1456 4814 lllns.
1479 4761 1539 4816 vet.

217 4831 331 4892 desub,
352 4829 405 4880 (lu.
426 4835 498 4889 tres,
517 4829 549 4880 u.
578 4854 609 4867 -
641 4831 684 4882 25.
714 4829 844 4894 appellati
861 4837 925 4880 sunt
950 4844 996 4885 so.
1022 4831 1281 4895 quosvenerunt.
1303 4833 1468 4891 Gall..
1494 4833 1539 4888 Le

217 4901 348 4966 appellati
365 4912 395 4950 eo
414 4901 482 4962 quod
510 4897 574 4958 (om.
596 4899 784 4964 1113111133.
806 4900 844 4956 11.
874 4900 1001 4962 appellati
1018 4901 1089 4964 quod
1106 4903 1130 4953 A
1148 4908 1211 4958 (om.
1228 4908 1291 4953 sunt
1309 4902 1349 4967 eo)
1375 4904 1405 4954 ll.
1438 4931 1470 4942 -
1494 4907 1537 4958 33.

216 4974 254 5022 Ao
271 4973 311 5033 A,
330 4969 424 5022 Lamb.
443 4995 477 5006 -
495 4970 540 5021 31).
560 4977 641 5035 utque
657 4978 686 5022 ot
705 4971 737 5021 ds
754 4971 808 5022 Vlt.
829 4970 903 5020 litus.
917 4970 962 5022 llr.
983 4969 1034 5022 (lu.
1050 4979 1119 5030 tres,
1134 4973 1173 5024 Ra
1193 4979 1270 5036 atque
1289 4974 1319 5024 ds
1337 4971 1400 5037 (om.
1420 4975 1461 5038 ot)
1479 4990 1539 5028 eum

216 5043 338 5096 Manutto
356 5042 387 5094 11.
409 5065 439 5082 -
459 5041 503 5092 31.
523 5041 668 5106 ambigitur
686 5042 738 5095 Vis.
753 5043 786 5101 A,
806 5040 866 5093 Vst.
887 5041 993 5105 Stepb.,
1012 5041 1164 5108 ambigatur
1185 5042 1236 5094 Gu.
1251 5043 1276 5093 3.
1291 5069 1322 5081 ·-
1341 5044 1386 5097 33.
1405 5047 1467 5101 luda
1484 5061 1538 5103 om.

216 5114 250 5165 u.
269 5135 302 5152 -
320 5113 365 5166 33.
385 5125 480 5178 aspero
498 5113 552 5166 llll.
572 5112 662 5174 lllns.,
681 5111 713 5166 lt.
733 5135 767 5152 -·
785 5110 829 5164 33.
848 5111 925 5166 lluas
941 5126 983 5165 sss
1000 5119 1063 5166 sont
1080 5115 1149 5168 sulm
1166 5137 1178 5152 ·
1196 5139 1207 5152 ·
1225 5119 1356 5174 uastatos
1372 5117 1406 5176 A,
