3742 5852
311 423 372 492 888
840 425 893 492 ΒΕ
915 425 1102 494 ΟΒΑΤΟΒΕ

311 605 372 674 qne
394 591 578 666 sumuntur;
602 583 659 652 sad
681 603 717 650 ea
739 605 797 651 nos
818 606 889 652 cum
910 587 1042 654 iacentia
1063 588 1244 654 sustulimus
1266 611 1284 655 e
1306 586 1428 662 medio,
1452 588 1533 652 sicut
1553 585 1632 652 mol·

310 682 460 749 lissimam
481 702 584 747 ceram
606 683 646 746 ad
666 689 810 747 nostrum
843 683 1007 749 arbitrium
1038 682 1213 750 formamus
1245 693 1278 749 ei
1309 681 1467 768 fingimus.
1524 685 1632 768 ltaque

310 784 376 843 tum
399 796 510 862 graues
531 795 657 852 sumus,
692 783 759 839 inm
781 773 926 854 subtiles,
960 784 1026 843 tum
1050 777 1189 843 medinm
1211 777 1359 864 quiddam
1389 787 1551 854 tenemus3
1587 778 1631 842 sic

309 872 481 938 institutam
503 879 642 936 nostram
664 870 848 936 sententiam
871 871 1013 957 sequitur
1034 872 1185 938 orationis
1207 892 1305 957 genus
1325 869 1422 955 idque
1444 874 1483 938 ad
1505 893 1631 938 omnem

288 967 433 1034 saurinm
455 964 647 1049 uoluptatem
670 971 702 1030 et
722 967 898 1031 animorum
924 975 1044 1032 motum
1066 976 1203 1034 mutatur
1224 974 1257 1033 et
1278 968 1420 1035 vertitur.
1467 969 1538 1032 178.
1569 969 1631 1033 Sed

311 1063 398 1127 utin
419 1061 579 1146 plerisque
600 1057 697 1124 rebus
718 1061 944 1126 incredibiliter
964 1063 1027 1126 boc
1048 1072 1160 1127 natura
1180 1071 1227 1129 est
1247 1060 1315 1145 ipsa
1336 1058 1505 1137 fabricata,
1534 1061 1578 1127 sic
1598 1059 1630 1127 in

310 1155 472 1231 oratione,
496 1160 531 1219 ut
552 1173 606 1228 ca,
630 1174 711 1240 quae
733 1154 903 1220 maximam
925 1153 1088 1222 utilitatem
1110 1155 1142 1221 in
1164 1176 1197 1221 se
1219 1157 1428 1230 continerent,
1460 1154 1630 1242 plurimum

311 1248 420 1316 eadem
448 1250 601 1313 baberent
627 1246 678 1332 vel
700 1247 858 1332 dignitatis
879 1251 931 1314 vel
953 1270 1046 1337 saepe
1067 1253 1159 1316 ctiam
1181 1252 1364 1321 venustatis.
1407 1251 1631 1316 Incolumitatis

311 1365 348 1409 ac
369 1342 475 1409 salutis
498 1340 637 1408 omnium
659 1361 753 1407 cansa
773 1341 918 1409 ridemus
940 1343 1021 1409 bunc
1043 1353 1156 1411 statum
1183 1365 1251 1410 essa
1279 1344 1371 1410 buius
1400 1349 1496 1410 totins
1525 1344 1630 1410 mnndi

120 1447 195 1540 ft
273 1446 404 1523 aratque
426 1443 554 1501 naturae
561 1427 587 1518 ,(
595 1438 765 1501 rotundum
787 1449 822 1502 ut
842 1435 963 1503 caelum
984 1445 1131 1526 terraque
1153 1447 1188 1503 nt
1209 1439 1311 1504 media
1334 1429 1496 1530 qitieaqua
1519 1460 1575 1505 sua
1595 1443 1627 1504 vi

309 1539 451 1617 nutuque
471 1539 629 1608 tenentum
667 1532 714 1595 sol
737 1539 772 1595 ut
792 1529 1047 1609 circumferatur,
1081 1542 1117 1597 ut
1138 1536 1263 1598 accedat
1283 1532 1323 1598 ad
1344 1528 1484 1598 brumale
1507 1536 1629 1617 signum

311 1635 343 1691 et
362 1627 436 1690 inda
457 1626 571 1690 sensim
594 1627 742 1689 ascendat
761 1627 794 1690 in
816 1624 971 1691 diversam
993 1636 1130 1714 partem;
1153 1635 1189 1693 ut
1209 1630 1283 1693 luna
1304 1646 1432 1692 accessu
1453 1635 1485 1692 et
1505 1649 1630 1694 recessu

311 1741 368 1784 suo
397 1719 472 1786 solis
497 1721 602 1784 lumen
624 1719 774 1803 accipiat;
808 1728 844 1783 nt
866 1725 976 1787 eadem
998 1725 1096 1809 spatie
1117 1724 1256 1808 quinque
1277 1721 1385 1787 stellae
1407 1722 1522 1808 dispari
1534 1727 1630 1788 inotu

311 1835 466 1902 cursuque
488 1811 661 1879 conficiant.
706 1817 775 1882 179.
808 1815 895 1880 Haec
915 1824 1031 1881 tantam
1053 1814 1170 1881 babent
1190 1816 1274 1892 vini,
1304 1815 1441 1903 paullum
1463 1825 1498 1881 ut
1519 1819 1631 1883 immu-

272 1923 302 1966 1⁵
312 1917 371 1974 tata
394 1911 565 1974 cohaerere
585 1929 651 1972 non
671 1911 807 1994 possint,
838 1918 955 1975 tantam
977 1910 1254 1996 pulchritudinem,
1288 1920 1322 1976 nt
1343 1910 1427 1976 nulla
1448 1911 1569 1994 specics
1590 1933 1630 1977 ne

311 2005 442 2088 cogitari
474 2001 601 2087 quidem
630 2005 728 2086 possit
758 2003 911 2069 ornatior.
971 2006 1096 2071 Referte
1125 2026 1207 2070 nunc
1237 2007 1374 2071 animum
1403 2003 1442 2070 ad
1471 2004 1630 2071 bominum

310 2098 361 2161 vcl
391 2096 483 2162 etiam
514 2105 689 2162 ceterarum
718 2097 919 2163 animantium
950 2098 1084 2165 formam
1114 2108 1146 2164 ct
1173 2098 1315 2184 figuram.
1358 2099 1481 2165 Nullam
1511 2109 1630 2186 partem

311 2191 454 2278 corporis
483 2191 550 2257 sine
580 2191 684 2276 aliqua
711 2192 895 2258 necessitate
924 2191 1057 2259 affictam
1079 2202 1239 2281 totamque
1261 2196 1394 2260 formam
1417 2193 1506 2281 quasi
1527 2196 1630 2280 perfe-

311 2296 392 2353 ctam
411 2286 577 2373 reperietis
599 2294 683 2363 arte,
718 2307 783 2352 non
806 2308 889 2353 casu.
931 2291 1041 2353 XLVI.
1076 2291 1160 2367 Quid
1182 2291 1215 2353 in
1236 2288 1420 2364 arboribus,
1454 2289 1487 2352 in
1517 2287 1630 2374 quibus

272 2401 374 2448 unon
396 2389 541 2457 truncus,
575 2401 639 2446 non
666 2383 764 2457 rami,
799 2402 862 2446 non
891 2380 967 2447 folia
989 2391 1061 2449 sunt
1081 2386 1217 2469 denique
1240 2383 1301 2449 nisi
1322 2386 1361 2448 ad
1383 2402 1472 2448 suam
1493 2385 1630 2448 retinen-

311 2479 382 2542 dam
396 2478 706 2562 conservandamque
720 2481 884 2542 naturam?
906 2498 1057 2563 nusquam
1073 2486 1176 2542 umen
1191 2485 1238 2543 est
1250 2477 1312 2543 ulia
1325 2497 1397 2565 pars
1410 2477 1470 2542 nisi
1484 2486 1627 2543 venusta.

312 2575 383 2636 180.
417 2569 607 2656 Linquamus
633 2579 777 2637 naturam
808 2578 951 2659 artesque
972 2570 1143 2641 videamus.
1186 2573 1270 2648 Quid
1290 2580 1354 2638 tam
1375 2572 1408 2636 in
1430 2571 1555 2656 navigio
1576 2591 1630 2638 ne·

310 2664 479 2732 cessarium
511 2685 605 2750 quam
634 2666 752 2744 latera,
790 2687 882 2752 quam
910 2685 1081 2741 cavernae,
1118 2685 1211 2753 quam
1233 2686 1347 2752 prora,
1385 2686 1477 2752 ιιιιιιιι
1499 2670 1628 2753 puppis,

310 2781 404 2846 quem
433 2766 605 2836 antennae,
640 2781 733 2845 qnam
762 2760 845 2834 vela,
878 2780 971 2846 quam
1000 2759 1094 2824 malit
1131 2781 1211 2847 quae
1233 2770 1337 2825 tamen
1358 2763 1438 2826 banc
1460 2760 1576 2827 babent
1597 2765 1629 2826 in

185 2934 195 2948 ,.
272 2874 300 2918 ss
310 2857 416 2942 speeie
430 2863 641 2930 venustatem,
663 2863 697 2918 ut
718 2874 783 2919 non
798 2853 898 2919 solnm
914 2854 1021 2920 salutis
1036 2858 1091 2919 scd
1106 2855 1199 2920 etiam
1215 2854 1383 2938 voluptatis
1398 2875 1490 2920 causa
1505 2858 1630 2922 inventa

179 2947 192 3014 '.
310 2971 379 3016 esse
400 2947 577 3014 videantur.
623 2947 792 3014 Columnae
814 2956 845 3013 et
867 2947 981 3034 templa
1003 2957 1034 3012 et
1048 2949 1184 3034 porticus
1200 2949 1372 3026 sustinent;
1397 2960 1500 3014 tumen
1515 2948 1631 3015 habent

309 3064 373 3109 non
393 3042 463 3129 plus
485 3039 625 3106 utilitatis
646 3063 739 3126 quam
762 3041 928 3126 dignitatis.
973 3042 1117 3126 Capitolii
1138 3032 1393 3128 fastiginm'illud
1410 3052 1441 3109 et
1455 3053 1629 3110 ceterarum

309 3137 432 3203 aedium
459 3154 523 3202 non
549 3145 695 3201 venustas
724 3139 780 3201 scd
805 3138 973 3202 necessitas
995 3140 1060 3224 ipsa
1082 3136 1230 3203 fabricata
1253 3145 1308 3202 cst.
1352 3141 1429 3202 Nam
1453 3161 1523 3203 enm
1546 3147 1630 3204 essct

309 3229 412 3296 habita
440 3234 535 3309 ratio,
568 3228 832 3318 quemadmodum
859 3251 899 3296 ex
927 3241 1060 3317 utraque
1086 3235 1159 3297 tecti
1190 3241 1278 3318 parte
1306 3251 1387 3318 aqna
1410 3231 1626 3311 delaberetur,

272 3325 471 3408 tantilitatem
502 3327 611 3411 templi
641 3325 757 3409 fastigii
790 3325 924 3411 dignitas
952 3335 1118 3393 consecuta
1146 3336 1209 3403 est;
1247 3335 1296 3401 ut,
1333 3329 1452 3392 etiamsi
1482 3330 1513 3391 in
1542 3327 1627 3394 caclo

310 3421 494 3508 Capitolium
517 3428 717 3494 statueretur,
745 3419 801 3484 ubi
821 3422 924 3484 imber
946 3441 1014 3486 esse
1035 3442 1100 3486 non
1120 3429 1242 3506 posset,
1274 3420 1391 3485 nnllam
1414 3423 1480 3486 sine
1503 3420 1627 3508 fastigio

308 3516 487 3600 dignitatem
509 3515 687 3583 habiturum
708 3511 805 3579 fuisse
826 3513 979 3583 videatur.
1023 3519 1094 3580 181.
1127 3519 1194 3580 Ηοο
1215 3515 1247 3579 in
1269 3515 1414 3581 omnibus
1436 3517 1511 3580 item
1533 3518 1628 3601 parti·

308 3609 366 3677 bus
388 3614 538 3678 orationis
560 3611 679 3685 evcnit,
694 3599 747 3672 (nt
767 3607 989 3688 utjiitatemuc
1009 3629 1110 3697 prope
1135 3608 1509 3675 necessitatemsuaritas
1533 3631 1626 3697 quac·

153 3717 213 3790 ᾖξ’
260 3743 264 3768 t
308 3710 379 3772 dam
401 3715 433 3772 et
453 3706 541 3793 lepos
563 3705 795 3795 consequatur?-
823 3696 1002 3796 Clausulas]
1016 3706 1097 3768 enim
1123 3713 1216 3788 atque
1238 3704 1434 3790 interpuncta
1458 3702 1626 3769 verborum

257 3802 429 3890 ‘¹s⁵(unimae
455 3799 639 3866 interclusio
667 3808 760 3886 atque
782 3797 940 3882 angustiae
961 3799 1089 3880 spiritns
1118 3797 1298 3902 attuleruut)
1344 3796 1380 3862 ld
1402 3798 1561 3865 inventum
1586 3801 1627 3864 ita

378 3968 403 4017 1.
419 3967 551 4016 iactantia
564 3965 596 4016 Β.
609 3988 640 4000 -·
659 3963 685 4014 Β.
697 3976 784 4014 reram
796 3976 849 4013 um.
863 3963 895 4011 Α.
909 3987 943 3996 -
961 3969 985 4013 et
999 3976 1052 4015 orn.
1063 3963 1094 4013 B·
1110 3988 1141 4000 -
1161 3969 1190 4012 ut
1203 3969 1258 4012 tum
1271 3962 1417 4015 Scbtitstus.
1432 3989 1466 3998 —
1483 3963 1508 4013 3.
1524 3966 1628 4028 prauis·

307 4039 388 4088 simus
401 4043 456 4085 tum
467 4035 570 4085 subtilis
579 4034 634 4085 ΑΒ.
644 4059 677 4070 --
691 4034 717 4084 b.
734 4046 833 4084 acuam
846 4033 953 4083 aurium
966 4032 1027 4081 AB:
1048 4047 1148 4083 omnem
1160 4037 1289 4084 rationem
1303 4039 1326 4082 st
1339 4035 1447 4083 aurium
1455 4035 1511 4092 itii,
1528 4049 1627 4084 omasus

308 4115 333 4160 st
352 4108 459 4159 aurium
471 4105 503 4157 T.
526 4131 553 4144 -
574 4107 600 4157 5.
621 4106 657 4155 ad
673 4110 774 4154 maium
792 4103 824 4154 Β.
845 4129 875 4140 -
894 4109 988 4152 matur
1000 4103 1032 4152 Α.
1055 4130 1083 4140 -
1103 4106 1220 4153 uertitur
1233 4104 1263 4153 B.
1285 4129 1313 4140 -
1334 4104 1360 4153 7.
1379 4103 1522 4166 plurimum
1539 4106 1626 4156 eadem

308 4179 432 4229 baberent
450 4177 473 4227 Α
491 4177 607 4240 alitque,
627 4176 670 4227 it:
691 4175 780 4224 massis
799 4173 920 4224 babersssi
937 4174 1078 4234 plurimum
1097 4174 1128 4222 Β.
1149 4172 1199 4234 (lie
1217 4174 1237 4222 Β
1257 4187 1310 4225 non
1329 4173 1432 4236 liquet.)
1454 4199 1481 4210 —
1502 4177 1546 4226 io.
1566 4174 1625 4240 suc]

308 4254 369 4299 suot
387 4248 419 4298 Β.
435 4271 468 4282 -
497 4249 539 4298 11.
561 4247 601 4297 soi
618 4246 655 4295 ad
673 4257 730 4295 sam
747 4244 946 4306 circumferatur
964 4244 1001 4298 Α.
1020 4245 1060 4293 sol
1077 4251 1107 4294 ut
1123 4245 1160 4294 ad
1178 4257 1236 4293 sam
1254 4243 1455 4306 circumferatur·
1472 4245 1503 4294 Β.
1525 4271 1553 4282 -
1583 4247 1624 4298 ti..

310 4320 400 4370 iussam
418 4318 449 4368 Β.
470 4343 502 4356 -
521 4317 564 4368 18.
585 4329 633 4366 suo
650 4327 703 4367 om.
723 4314 778 4364 ΑΒ.
800 4337 828 4351 ·-
850 4315 967 4376 dispares
987 4314 1020 4364 Β.
1041 4339 1072 4351 -·
1101 4315 1144 4365 is.
1164 4312 1313 4379 conficiant]
1334 4317 1475 4376 ccnwiciat
1491 4313 1551 4379 (sic)
1570 4317 1624 4367 ΑΒ.

311 4415 341 4428 -
358 4389 482 4454 paullum
499 4393 529 4438 ut
547 4387 592 4436 ΑΒ
611 4386 729 4450 siliquas
748 4390 779 4435 ut
793 4386 916 4448 paullum
935 4385 989 4436 ΒΒ.
1020 4410 1047 4421 -
1081 4385 1125 4436 so.
1144 4387 1258 4448 capitari
1276 4385 1321 4434 ΑΒ
1339 4386 1455 4448 siliqua:
1480 4388 1627 4449 sucopitari

308 4461 366 4511 lili.
387 4485 416 4496 -
449 4457 492 4509 17.
513 4464 657 4510 ceterorum
675 4457 705 4508 a.
733 4479 765 4492 ·-
797 4456 839 4506 18.
858 4457 977 4522 affectam
995 4455 1050 4505 bii.
1068 4469 1109 4490 ·-
1140 4455 1182 4504 19.
1202 4458 1231 4504 iss
1249 4457 1285 4504 sis
1302 4457 1441 4506 arboribus
1460 4457 1522 4514 ΑΒ,
1542 4460 1571 4507 irs
1588 4458 1626 4507 bis

309 4529 447 4581 arboribus
464 4530 498 4580 Β.
518 4550 549 4565 ·-
568 4529 612 4578 ai.
631 4538 763 4591 nusquam
780 4551 791 4564 ·
803 4551 814 4564 ·
832 4525 1089 4577 antecameram.
1106 4549 1136 4560 -
1156 4526 1200 4576 13.
1219 4525 1357 4588 saumas]
1378 4529 1485 4578 aartms
1504 4527 1565 4592 Lag.
1580 4529 1624 4578 2⁰·

311 4609 337 4653 ct
355 4598 420 4660 or..
440 4601 503 4651 iiam
522 4598 604 4650 bidus
623 4611 708 4660 usqua
727 4598 760 4647 sd
779 4596 940 4656 Gruterum,
961 4604 1064 4658 praeter
1081 4596 1257 4650 Lambinurn,
1279 4599 1323 4658 qui
1342 4598 1445 4648 carina.
1467 4625 1494 4636 -
1515 4598 1557 4648 ab.
1579 4613 1626 4648 aa·

309 4679 391 4723 tenua
408 4671 463 4720 ΑΒ.
484 4683 616 4734 -quam
632 4669 692 4719 usia
710 4681 762 4719 ons.
783 4668 815 4718 Α.
834 4693 868 4704 -
892 4682 971 4733 quam
987 4666 1025 4717 aii
1044 4666 1075 4716 Α.
1116 4667 1264 4728 uQnsttucr
1282 4667 1344 4718 bias.
1365 4683 1379 4718 a
1399 4667 1519 4719 btbltotb.
1541 4667 1623 4720 Paris.

309 4738 347 4805 (st
361 4755 404 4791 ser
423 4739 498 4805 Lag.)
518 4747 576 4800 post
594 4739 659 4790 baed
677 4754 701 4791 ι.
722 4739 912 4804 sdduntquam
924 4738 1057 4802 reliqua.»
1076 4737 1192 4788 Laetera.
1214 4737 1309 4786 -18
1329 4745 1353 4788 st
1372 4745 1433 4789 ants
1453 4740 1549 4800 tempta
1566 4752 1624 4789 cusu

310 4810 395 4862 Cadd.
409 4811 471 4875 siiq.
485 4825 537 4863 oar.
553 4809 584 4862 Τ.
606 4811 711 4862 liabent
723 4811 779 4867 ΑΒ.
793 4809 825 4860 Β.
845 4835 877 4846 -·
896 4809 939 4858 87.
958 4803 1096 4870 utilitatis]
1115 4809 1260 4859 bansstatis
1278 4809 1310 4858 Β.
1328 4835 1360 4844 -
1380 4807 1424 4858 18.
1444 4817 1481 4859 sst
1500 4824 1552 4861 οιιι.
1568 4809 1623 4860 ΑΒ.

312 4907 341 4920 -
363 4880 437 4946 sssst]
457 4888 495 4933 est
511 4882 543 4932 Α.
565 4906 595 4918 -
615 4881 659 4931 29.
678 4888 743 4932 ussa
757 4881 789 4930 Β.
811 4904 839 4917 -
857 4887 938 4944 parts
954 4881 1014 4930 tscts'
1027 4879 1058 4928 Β.
1073 4901 1105 4913 -
1124 4876 1206 4942 aqua]
1225 4879 1318 4942 aitqua
1337 4879 1449 4930 tirnestii
1470 4893 1577 4939 operas.
1592 4907 1625 4916 —

309 4951 354 5002 80.
373 4953 478 5016 tempii,
498 4952 604 5018 fasiiqii
620 4951 688 5004 susis
707 4952 842 5014 distinguit
861 4951 892 5001 ll·
911 4975 943 4988 -
973 4946 1087 5013 fastiqii]
1104 4951 1169 5012 [asti
1187 4950 1241 5000 ΑΒ.
1268 4974 1298 4987 -
1330 4948 1373 4999 31.
1394 4948 1552 5012 Capitolium
1570 4957 1625 5000 sta-

310 5029 428 5074 iusrstus
446 5024 490 5075 ΑΒ
508 5023 623 5086 sitique,
645 5024 685 5072 its
712 5025 871 5074 statueretur
888 5022 953 5080 (om.
973 5017 1139 5084 Capitolium)
1158 5019 1190 5070 Β.
1220 5045 1250 5058 -
1279 5018 1323 5070 81.
1342 5018 1422 5081 sauss
1440 5020 1486 5073 ΑΒ
1504 5022 1623 5085 sitique,

309 5096 351 5148 its
370 5106 421 5149 ssss
438 5093 470 5148 Β.
493 5119 522 5134 -
542 5095 585 5148 ³5.
604 5093 724 5147 scamus
740 5092 771 5144 Β.
