3720 5840
670 467 747 532 LlB.
770 465 796 531 I.
839 465 873 532 C.
897 467 929 532 ὅ.
954 463 985 532 8.
1009 465 1041 532 7.
1065 468 1097 532 8.
1521 473 1542 540 i

222 627 274 693 bis
295 626 398 712 rebru
410 645 470 692 nos
490 625 717 690 insinuabimus
738 628 779 691 ad
800 644 945 690 causam:
970 627 1009 691 de
1025 647 1082 702 eo,
1106 627 1192 711 quod
1213 627 1384 693 adversarii
1404 627 1545 696 iirmissi-

222 743 310 788 mum
331 721 392 786 sibi
413 720 628 786 adiumentum
648 722 847 805 putaverint,
881 723 1017 804 puerum
1045 741 1104 786 nos
1132 721 1272 786 dicturos
1299 723 1543 806 pollicebimnr;

223 824 279 882 aut
298 818 338 880 ab
361 817 532 881 adversarii
554 817 637 882 dicto
660 817 881 892 exordiemur,
905 825 937 880 ct
957 818 998 880 ab
1019 836 1058 880 co
1080 817 1235 893 maxime,
1259 820 1345 902 quod
1359 819 1413 883 ille
1429 841 1546 904 nuper·

223 911 303 976 rime
325 911 460 988 dixerit3
495 919 549 974 aut
574 913 769 977 dubitatione
796 917 943 986 utemur,
985 911 1061 995 quid
1089 911 1287 993 potissimum
1319 913 1459 979 dicamus
1491 925 1546 985 aut

224 1008 274 1071 cui
306 1007 377 1070 loeo
410 1006 548 1088 primum
573 1009 843 1089 respondeamus,
880 1027 951 1069 cum
982 1006 1200 1069 admiratione.
1254 1007 1287 1070 si
1314 1009 1427 1073 defessi
1454 1018 1583 1075 erunts

225 1101 405 1176 audiendo,
437 1101 477 1163 ab
499 1101 678 1185 aliquare,
714 1121 794 1186 quae
822 1102 920 1164 risum
942 1119 1070 1164 movere
1092 1101 1215 1183 possit,
1251 1097 1474 1189 [exordiemur]
1505 1108 1545 1170 ab

225 1196 380 1278 apologo,
402 1194 511 1258 fabula
530 1197 729 1272 verisimili,
752 1196 927 1260 imitatione
949 1196 1138 1277 depravata,
1160 1196 1360 1273 inversione,
1383 1201 1544 1285 ambiguo,

131 1341 134 1350 .
225 1291 425 1372 suspicione,
459 1289 605 1354 irrisione
634 1293 800 1367 stultitiae,
834 1291 1094 1374 exsuperatione,
1139 1290 1328 1367 collatione,
1373 1293 1547 1359 litterarum

225 1386 420 1460 mutatione;
454 1391 619 1465 praeterea
651 1386 906 1468 exspectatione,
940 1385 1166 1460 similitudine,
1200 1386 1360 1462 novitate,
1396 1388 1545 1465 bistoria,

225 1499 341 1554 versu,
373 1485 429 1542 aut
448 1479 488 1541 ab
516 1478 648 1542 alicuius
675 1481 929 1561 interpellatione
962 1486 1016 1542 aut
1042 1479 1215 1556 arrisione;
1250 1486 1283 1543 et
1310 1481 1337 1544 si
1365 1483 1585 1563 promiseri-so

225 1594 295 1638 mus
327 1574 440 1647 aliter,
473 1591 509 1636 ac
542 1575 642 1656 parati
674 1575 848 1650 fuerimus,
883 1594 943 1638 nos
968 1595 1038 1638 esse
1060 1575 1217 1651 dicturos3
1252 1594 1311 1638 nos
1338 1595 1403 1638 non
1433 1579 1547 1642 eodem

226 1668 345 1741 modo,
378 1671 413 1728 ut
433 1668 530 1731 ceteri
551 1670 695 1745 soleant,
728 1671 827 1734 verba
846 1669 1006 1758 lecturos3
1042 1669 1117 1754 quid
1138 1669 1192 1732 alii
1213 1669 1358 1746 soleant,
1394 1671 1468 1756 quid
1489 1693 1549 1736 nos

226 1762 339 1826 lecturi
369 1761 489 1836 simus,
525 1764 665 1828 breviter
697 1783 902 1846 exponemus.
957 1765 1025 1830 Vll.
1060 1767 1109 1827 ii.
1141 1765 1227 1827 Inter
1250 1765 1494 1830 insinuationem
1517 1773 1551 1830 et

227 1856 416 1940 principium
448 1856 511 1920 boc
539 1860 681 1923 interest.
735 1860 926 1942 Principium
949 1859 1105 1923 eiusmodi
1133 1860 1229 1923 debet
1256 1878 1346 1935 esse,
1382 1861 1548 1924 utstatim

227 1951 344 2033 apertis
366 1950 558 2028 rationibus,
584 1955 699 2038 quibus
719 1955 1000 2036 praescripsimus,
1035 1960 1089 2016 aut
1109 1953 1298 2017 benevolum
1320 1960 1375 2018 aut
1395 1960 1547 2020 attentum
1558 1971 1585 2013 1⁵

228 2061 282 2120 aut
303 2053 437 2117 docilem
458 2049 608 2113 iaciamus
630 2049 828 2113 auditorem:
863 2057 895 2113 at
914 2049 1083 2112 insinuatio
1105 2047 1262 2112 eiusmodi
1284 2049 1379 2112 debet
1401 2069 1491 2126 esse,
1514 2059 1551 2115 ut

229 2148 351 2212 occulte
371 2168 431 2230 per
452 2144 733 2210 dissimulationem
756 2145 867 2208 eadem
887 2145 943 2208 illa
965 2143 1072 2206 omnia
1093 2139 1316 2218 conficiamus,
1345 2150 1382 2206 ut
1408 2144 1447 2208 ad
1476 2165 1551 2210 ean·

228 2246 300 2308 dem
323 2241 577 2306 commoditatem
603 2238 637 2301 in
666 2239 791 2302 dicendi
819 2258 917 2321 opere
945 2238 1113 2320 pervenire
1140 2238 1307 2319 possimus.
1352 2238 1469 2303 Verum
1490 2242 1551 2305 bae

228 2346 292 2401 tres
313 2338 463 2400 utilitates
488 2333 612 2397 temetsi
639 2334 673 2396 in
700 2340 765 2397 tota
787 2335 930 2397 oratione
952 2339 1025 2396 sunt
1046 2334 1295 2414 comparandae,
1330 2335 1392 2398 boc
1414 2343 1482 2410 est,
1516 2341 1552 2399 ut

229 2433 389 2495 auditores
410 2449 480 2494 sese
501 2436 657 2511 perpetuo
679 2429 772 2491 nobis
793 2435 952 2502 attentos,
987 2427 1127 2501 dociles,
1162 2428 1336 2492 benevolos
1364 2430 1587 2510 praebemus·

229 2533 334 2590 umen
355 2528 388 2590 id
409 2546 468 2607 per
489 2525 655 2587 exordium
678 2541 791 2586 causae
820 2523 957 2590 maxime
987 2523 1234 2602 comparandum
1264 2529 1323 2586 est.
1367 2525 1476 2600 Nunc,
1508 2545 1551 2589 ne

230 2623 356 2705 quando
378 2621 493 2684 vitioso
517 2618 649 2681 exordio
680 2622 824 2691 utamur,
858 2634 939 2700 quae
968 2616 1044 2681 vitia
1069 2615 1197 2680 vimnda
1218 2617 1299 2691 sint,
1334 2617 1470 2682 docebo.
1514 2618 1551 2682 In

230 2716 425 2780 exordienda
446 2713 748 2776 causaservandum
770 2718 837 2786 est,
860 2718 896 2774 ut
916 2711 996 2774 lenis
1018 2711 1058 2774 sit
1078 2731 1183 2776 sermo
1206 2717 1238 2774 et
1251 2713 1364 2776 usitata
1377 2714 1548 2778 uerborum

230 2809 443 2883 consuetudo,
480 2813 601 2870 utnon
623 2813 772 2888 apparata
795 2806 895 2870 oratio
918 2826 988 2870 esse
1008 2806 1163 2870 videatur.
1208 2806 1362 2870 Vitiosum
1384 2809 1549 2872 exordium

231 2913 297 2980 est,
332 2905 417 2989 quod
438 2903 472 2964 in
493 2902 599 2983 plures
621 2921 732 2964 causas
753 2907 858 2983 potest
879 2901 1131 2976 accommodari,
1168 2903 1253 2986 quod
1274 2902 1403 2986 vulgare
1425 2903 1589 2968 dicitur„

230 3001 309 3063 ltem
331 2999 479 3063 vitiosum
501 3003 566 3071 est,
590 3013 653 3080 quo
675 2996 775 3058 nihilo
798 2995 901 3060 minus
923 2997 1121 3060 adversarius
1141 3001 1248 3077 potest
1267 2997 1336 3072 uti,
1360 2999 1445 3082 quod
1467 3017 1553 3064 com-

231 3115 325 3157 mune
347 3092 534 3175 appellatur.
580 3092 659 3154 ltem
681 3090 777 3164 illud,
816 3109 879 3174 (tuo
910 3087 1034 3173 [leviter
1064 3087 1268 3174 commutato]
1292 3091 1490 3160 adversarius
1511 3112 1554 3159 ex

231 3188 390 3251 contrario
411 3187 530 3268 poterit
548 3186 608 3249 uti.
663 3187 743 3249 ltem
764 3184 912 3249 vitiosum
934 3193 1000 3260 est,
1038 3187 1123 3270 quod
1145 3185 1276 3248 nimium
1297 3193 1446 3268 apparate
1467 3207 1554 3251 com-

232 3283 369 3365 positum
399 3289 449 3344 est
476 3286 531 3343 aut
557 3280 650 3343 nimis
680 3281 810 3363 longum
831 3286 901 3356 est,
933 3287 966 3343 et
987 3280 1073 3363 quod
1093 3300 1158 3343 non
1180 3300 1220 3343 ex
1241 3280 1311 3361 ipsa
1332 3299 1425 3344 causa
1445 3287 1553 3344 natum

231 3376 374 3440 videatur
398 3372 516 3460 [,quod
537 3381 715 3456 separatum
737 3379 889 3451 vocatur3
912 3375 946 3437 in
967 3393 1030 3456 quo
1053 3375 1146 3438 etiam
1161 3375 1344 3438 translatum
1357 3372 1591 3460 includitur],³0

231 3479 267 3535 ut
286 3472 416 3553 proprie
437 3471 607 3534 cohaereat
627 3489 698 3532 cum
720 3468 920 3546 narratione3
952 3476 984 3532 et
1005 3471 1091 3554 quod
1113 3489 1217 3552 neque
1238 3469 1428 3533 benevolum
1449 3490 1553 3555 neque

233 3567 368 3631 docilem
389 3584 493 3649 neque
520 3571 672 3627 attentum
701 3562 777 3626 iacit
800 3562 989 3627 auditorem.
1044 3563 1205 3628 Vlll.1De
1232 3564 1363 3627 exordio
1391 3564 1466 3628 satis
1494 3565 1554 3628 erit

234 3661 372 3724 dictum:
397 3659 547 3739 deinceps
569 3659 609 3720 ad
629 3658 842 3722 narrationem
864 3665 1070 3722 transeamus.

320 3755 369 3816 ii.
401 3753 621 3817 Narrationum
654 3753 714 3816 tria
747 3772 864 3836 genera
895 3760 977 3816 sunt.
1033 3753 1133 3816 Unum
1161 3759 1231 3828 est,
1265 3771 1337 3816 cum
1366 3750 1555 3834 exponimus

234 3868 302 3913 rem
324 3853 443 3932 gestam
466 3854 498 3911 et
518 3849 755 3932 unumquidque
787 3847 939 3912 trahimus
970 3848 1011 3911 ad
1042 3849 1209 3912 utilitatem
1241 3854 1380 3911 nostram
1407 3845 1591 3910 uincendi³⁵

234 3950 345 4017 causa,
379 3943 465 4027 quod
494 3942 632 4023 pertinet
659 3944 774 4006 adeas
797 3960 926 4016 causas,
960 3943 999 4005 de
1027 3942 1141 4025 quibus
1162 3939 1310 4005 iudicium
1331 3940 1472 4004 futurum
1493 3945 1552 4003 est.

304 4159 331 4210 1.
351 4160 429 4212 rebus
446 4173 495 4210 uos
513 4160 667 4211 Pdlil'liT:
685 4174 737 4211 nos
753 4162 829 4212 rebius
848 4161 879 4211 ii.
899 4187 932 4198 -
950 4160 976 4212 8.
997 4160 1163 4210 exordiemur
1180 4173 1233 4210 om.
1256 4158 1410 4219 usurus,
1431 4159 1556 4220 quocirca

235 4231 438 4284 seclusimus·
452 4231 479 4280 7.
495 4229 586 4293 [obulo
598 4232 750 4282 esurus:
764 4246 782 4282 o
792 4231 883 4296 {obulo
895 4231 926 4282 ii.
941 4255 974 4270 -
984 4231 1133 4294 deprecato
1145 4232 1186 4282 lis
1201 4228 1392 4294 deprecatione
1405 4229 1554 4280 iuuerit.

235 4303 305 4353 iuli
330 4303 421 4353 erdem
445 4313 538 4353 manus
555 4305 696 4364 adscripsit
712 4303 753 4352 usi
772 4303 920 4366 democrite
943 4304 1099 4352 incuriosus.
1129 4326 1157 4338 -
1189 4302 1216 4352 8.
1244 4301 1360 4353 stultitia
1385 4300 1555 4352 usurarii.

237 4373 356 4424 Correxit
375 4372 436 4422 Scb.
458 4397 486 4410 -
513 4374 810 4437 superoctonarium,
841 4375 1010 4436 separatione
1027 4372 1056 4421 Ρ.
1083 4398 1112 4408 -
1145 4373 1295 4424 colluuione
1321 4372 1467 4423 tributii.
1503 4370 1556 4422 seo

238 4445 284 4494 cir.
305 4442 337 4492 dc
357 4442 402 4493 0r.
422 4443 455 4504 2,
472 4443 516 4494 uti.
539 4469 571 4481 -
589 4444 633 4494 st.
654 4445 780 4494 eiusmodi
799 4442 953 4494 Pasini:
975 4441 1123 4491 huiusmodi
1143 4443 1175 4492 Ε.
1198 4466 1227 4478 -
1257 4441 1300 4494 15.
1320 4444 1419 4503 opertis
1437 4443 1476 4492 bis
1495 4453 1556 4492 cum

237 4513 329 4563 liuisb.
342 4513 437 4564 Graes.
474 4513 508 4564 llt
525 4527 591 4570 nos,
613 4517 704 4563 nostri.
721 4541 750 4552 -
774 4515 815 4565 rs.
835 4511 1284 4576 diceudiopsrsosuirei’diil‘liT,
1303 4512 1411 4563 diceudo
1421 4515 1558 4576 peruenire

237 4585 306 4634 baud
326 4582 534 4646 improbabiliter
552 4585 643 4636 Lemb.
673 4609 703 4620 -
735 4583 779 4634 at.
807 4587 928 4636 mdeotur
955 4596 1007 4636 csse
1024 4583 1133 4642 Puer,
1163 4585 1287 4634 uideatur
1305 4581 1367 4646 (om.
1387 4585 1449 4648 use)
1472 4584 1504 4635 Α.
1527 4605 1555 4618 -

237 4655 281 4707 87.
302 4657 395 4709 leuiter
413 4661 575 4706 commutato
594 4671 646 4706 orn.
660 4654 814 4714 PABFRT,
834 4658 956 4717 quocirca
970 4655 1134 4706 seclusimus.
1156 4655 1266 4706 Videtur
1279 4655 1440 4705 inculcatum
1456 4669 1486 4707 cx
1501 4653 1557 4704 Cic.

238 4727 271 4778 de
289 4727 346 4778 inv.
367 4730 397 4780 1.
417 4724 460 4774 18.
494 4751 522 4763 -
570 4739 602 4776 ec
620 4727 758 4776 contrario
772 4729 872 4789 poterit
890 4726 931 4774 uti
949 4724 1057 4775 PABT:
1092 4729 1190 4785 potes-it
1206 4727 1247 4776 uti
1273 4737 1306 4777 eu
1336 4728 1472 4777 contrario
1497 4724 1557 4788 nii,

236 4801 335 4862 poterit
360 4799 400 4846 uti
427 4795 490 4860 (om.
509 4809 542 4851 ee
559 4795 705 4847 contrario)
724 4796 751 4844 F.
782 4821 812 4832 -
843 4797 887 4848 88.
908 4801 1037 4858 apparate
1059 4796 1124 4845 BFT
1149 4805 1174 4848 et
1196 4807 1263 4847 corr.
1281 4797 1319 4847 P:
1352 4804 1501 4860 apparetur
1519 4794 1573 4860 b„

238 4870 379 4930 apparetis
399 4881 438 4930 pr.
453 4865 491 4922 Ρ.
510 4869 649 4930 apparatis
667 4866 753 4916 uerbis
771 4866 802 4916 li.
821 4892 850 4902 -
878 4865 924 4916 29.
943 4863 1033 4928 nimis]
1053 4868 1162 4916 nimium
1180 4867 1301 4917 uiuis.
1321 4890 1353 4904 -
1372 4867 1415 4918 30.
1436 4867 1560 4917 uideatur

238 4936 392 4988 usuros:
425 4937 532 4986 uidetur
551 4937 580 4986 ii.
612 4964 642 4974 -
674 4938 723 4987 Vr.
750 4936 1067 4999 quoqu-muudum
1089 4950 1141 4986 orn.
1162 4937 1312 4996 Pbbl'iiT,
1333 4940 1455 5000 quocirca
1473 4938 1560 4990 uectu-

238 5021 328 5058 srmus.
350 5034 378 5047 -
412 5007 455 5058 ³2.
476 5008 527 5056 erit
545 5008 643 5058 dictum
661 5007 785 5058 l’llFliT:
805 5009 906 5057 dictum
922 5013 960 5056 ert
979 5007 1034 5057 tii.
1057 5027 1087 5043 -·
1118 5008 1161 5058 (ii.
1183 5009 1238 5058 triu
1256 5021 1352 5073 ymera
1369 5014 1431 5059 tuot
1448 5008 1558 5059 usius

240 5080 294 5128 triu
319 5085 380 5129 runt
403 5091 502 5145 quaero
528 5077 591 5137 lili,
620 5089 681 5129 suut
700 5080 753 5128 trio
775 5091 871 5145 penem
889 5077 921 5127 T.
944 5102 973 5113 -
1003 5091 1151 5142 uarumque
1171 5079 1377 5141 exponemusll.
1401 5076 1492 5144 (uuicti
1508 5091 1560 5146 quo

240 5154 318 5202 susm
334 5147 377 5215 l..)
391 5175 423 5187 -
442 5150 485 5202 ³5.
499 5150 693 5216 unumquidque
710 5149 776 5201 iii:
794 5149 996 5216 unumquodque
1006 5147 1153 5201 Pacuuii.
1174 5175 1204 5188 -
1223 5151 1356 5204 trudemus
1373 5149 1405 5202 B.
