3746 5850
317 473 380 539 500
720 469 951 539 oneremus
971 469 1237 536 PARTITIONES

316 633 419 723 palam
448 641 558 700 contra
587 630 697 698 iecerit
723 630 818 718 idque
849 633 999 709 fateatur,
1035 629 1117 696 adsit
1145 638 1250 698 tamen
1277 629 1457 717 factumque
1479 634 1640 700 defendat.

316 726 438 797 Deinde
458 727 596 794 infirmet
616 726 849 805 defensionem,
872 748 945 792 cum
968 724 1164 793 adversarius
1185 725 1270 792 aliud
1291 725 1449 804 voluisse,
1472 727 1557 794 alind
1571 749 1644 794 sen-

317 826 396 890 sisse
417 823 622 910 scriptorem,
654 821 740 888 aliud
761 821 925 909 scripsisse
947 823 1047 895 dicat,
1076 841 1141 885 non
1162 841 1232 886 esse
1254 819 1418 888 ferendum
1440 843 1460 887 a
1481 842 1642 909 quoquam

317 918 422 1006 potius
443 916 551 983 latoris
573 938 700 982 sensum
723 936 816 1004 quam
837 938 857 982 a
877 918 949 1002 lege
971 915 1133 1000 explicari.
1179 915 1242 982 Cur
1269 915 1311 980 ita
1340 915 1519 1002 scripserit,
1552 917 1642 984 siita

295 1033 383 1079 cnon
405 1011 559 1079 senserit‘t
596 1011 678 1088 Cur,
709 1031 779 1076 cum
801 1031 856 1089 ea,
888 1033 969 1097 qnae
990 1011 1083 1098 plane
1106 1014 1220 1096 scripta
1243 1013 1322 1089 sint,
1345 1010 1537 1097 neglexerit,
1560 1031 1640 1097 quae

317 1127 473 1193 nusquam
504 1107 620 1193 scripta
640 1107 721 1183 sint,
754 1105 916 1191 proferat?
953 1107 1294 1193 Curprudentissimos
1316 1107 1349 1170 in
1371 1103 1643 1173 scribendorum
1698 1134 1704 1150 ¹

317 1221 459 1269 summae
487 1202 638 1268 stultitiae
666 1210 757 1288 putet
785 1223 855 1269 esse
883 1201 1098 1269 damnandos?
1134 1198 1219 1278 Quid
1238 1198 1417 1286 impedierit
1438 1203 1641 1288 scriptorem,

318 1317 384 1384 quo
411 1296 515 1362 minius
545 1298 708 1380 exciperet
736 1295 833 1374 illud,
866 1295 953 1395 quod
980 1297 1197 1372 adversarius,
1232 1304 1389 1382 umquem
1422 1297 1450 1361 si
1477 1303 1643 1383 exceptum

319 1399 419 1469 esset,
439 1393 483 1456 ita
504 1390 581 1456 dicit
603 1411 636 1456 se
659 1397 823 1458 secutum‘t
848 1394 920 1460 135.
945 1394 1057 1458 Utetur
1077 1391 1232 1474 exemplis
1253 1388 1311 1466 iis,
1332 1392 1447 1478 quibus
1467 1391 1552 1456 idem
1567 1391 1645 1455 scri-

280 1495 412 1572 soptor,
442 1478 515 1562 aut)
544 1484 572 1551 si
593 1483 626 1550 id
647 1504 711 1550 non
733 1487 870 1569 poterit,
884 1479 1016 1572 (quibus
1037 1473 1119 1566 atti)
1139 1487 1227 1569 quod
1248 1483 1466 1570 excipiendum
1488 1483 1643 1569 putarint,

164 1662 185 1677 a
306 1581 539 1672 (exceperint.)
556 1581 744 1658 Quaerenda
766 1583 859 1646 etiam
879 1580 960 1648 ratio
987 1588 1053 1656 cst,
1087 1578 1198 1663 siqua
1219 1576 1338 1662 poterit
1362 1577 1513 1655 inveniri,
1544 1599 1643 1664 quare

318 1697 384 1744 non
405 1679 451 1742 sit·
467 1683 649 1762 exceptum:
672 1685 726 1742 aut
746 1677 855 1762 iniqua
876 1673 929 1742 lex
951 1685 1004 1741 aut
1018 1673 1136 1740 inutilis
1149 1671 1256 1738 lutura
1270 1673 1395 1737 dicetur
1407 1680 1463 1736 aut
1476 1671 1537 1738 elia
1551 1693 1645 1739 cansa

319 1768 576 1856 obtemperandi,
610 1771 672 1836 alia
694 1769 885 1856 abrogandi3
923 1770 1088 1836 dissentire
1110 1767 1282 1834 adversarii
1303 1787 1413 1834 vocem
1435 1775 1529 1853 utque
1549 1766 1641 1852 legis.

319 1866 442 1932 Deinde
469 1862 677 1950 amplificandi
705 1887 800 1932 cansa
827 1869 868 1932 de
895 1863 1119 1931 conservandis
1140 1863 1278 1949 legibus,
1314 1865 1354 1928 de
1375 1862 1517 1950 periculo
1539 1861 1644 1929 rerum

281 1959 515 2049 sspuuttmmm
543 1966 637 2046 atque
664 1963 858 2046 privatarum
885 1981 957 2027 cum
978 1959 1046 2026 eliis
1067 1958 1144 2025 locis
1164 1968 1231 2023 tum
1252 1959 1284 2025 in
1306 1961 1485 2042 perorando
1507 1959 1644 2024 maxime

319 2051 459 2139 graviter
480 2052 541 2118 erit
561 2058 827 2141 vehementerque
850 2053 1027 2124 dicendum.
1069 2055 1217 2119 XXXIX.
1250 2055 1322 2119 136.
1357 2051 1413 2118 Ille
1435 2061 1557 2126 autem,
1589 2053 1646 2140 qui

319 2170 354 2214 se
375 2149 530 2213 sententia
550 2146 629 2232 lepis
650 2149 875 2235 voluntateque
896 2147 1061 2223 desendet,
1082 2150 1117 2212 in
1137 2149 1269 2214 consilio
1292 2158 1386 2233 atque
1403 2146 1436 2212 in
1449 2156 1554 2214 mente
1568 2148 1647 2214 scri·

319 2243 437 2328 pteris,
460 2260 525 2308 non
546 2241 579 2307 in
600 2243 708 2308 verbis
729 2263 766 2308 ac
785 2241 899 2309 litteris
921 2245 985 2308 vim
1006 2243 1084 2328 legis
1105 2242 1240 2326 positam
1261 2263 1330 2308 esse
1352 2240 1516 2320 delendet;
1545 2240 1646 2330 quod-

320 2357 383 2423 que
404 2334 484 2401 nibil
505 2337 666 2423 exceperit
686 2337 719 2404 in
740 2338 830 2423 lege,
864 2336 1021 2414 laudabit,
1054 2359 1094 2403 ne
1124 2335 1314 2404 deverticula
1339 2338 1475 2423 peccatis
1496 2335 1645 2402 darentur

281 2441 414 2517 eratque
435 2440 470 2497 ut
491 2454 532 2497 ex
551 2430 635 2499 lacto
657 2436 808 2520 cuiusque
828 2435 926 2500 iudex
947 2433 1026 2517 legis
1048 2445 1185 2499 mentem
1206 2433 1479 2517 interpretaretur.
1524 2432 1645 2497 Deinde

320 2526 382 2594 crit
401 2525 552 2594 utendum
574 2529 748 2612 exemplis,
771 2533 804 2595 in
826 2531 941 2616 quibus
962 2529 1066 2595 omnis
1087 2530 1228 2614 aequitas
1249 2529 1468 2614 perturbetur,
1490 2527 1516 2590 si
1540 2523 1645 2592 verbis

318 2622 425 2706 legum
447 2642 483 2688 nc
506 2642 569 2687 non
591 2622 754 2688 sententiis
775 2632 933 2709 parentur.
981 2626 1049 2687 137.
1083 2625 1205 2688 Deinde
1233 2642 1338 2708 penus·
1353 2621 1508 2686 eiusmodi
1530 2617 1648 2684 callidi·

318 2717 391 2784 tatis
413 2724 446 2782 et
472 2716 647 2784 calumniae
676 2721 860 2784 retrahetur
887 2715 1056 2784 inedium
1086 2716 1198 2784 iudicis
1228 2737 1300 2782 cum
1329 2713 1464 2802 quadam
1492 2713 1647 2779 invidiosa

320 2814 461 2898 querela.
505 2815 545 2878 Et
566 2812 593 2878 si
615 2815 732 2878 incidet
751 2815 981 2901 imprudentiae
1004 2833 1115 2890 causa,
1149 2831 1231 2900 quae
1258 2832 1324 2877 non
1351 2808 1394 2876 ad
1421 2807 1570 2875 delictum
1591 2809 1647 2873 sed

280 2905 360 2973 stad
382 2927 489 2972 casum
510 2907 767 2975 necessitatemve
789 2909 964 2995 pertineat,
999 2910 1085 2994 quod
1112 2926 1211 2993 genus
1238 2904 1344 2990 paullo
1372 2912 1444 2969 ante
1466 2905 1645 2987 attigimus,

320 2999 382 3066 erit
402 2999 515 3068 iisdem
540 3003 707 3089 aequitatis
729 3001 893 3069 sententiis
923 3011 1032 3069 contra
1059 3003 1262 3068 acerbitatem
1283 3002 1454 3067 verborum
1475 2996 1648 3081 deprecan-

321 3093 407 3162 dum.
453 3095 509 3160 Sin
531 3100 645 3184 scripta
665 3099 749 3164 inter
770 3119 805 3164 se
825 3097 1023 3173 dissentient,
1053 3107 1138 3164 tanta
1159 3095 1257 3162 series
1279 3093 1355 3160 artis
1376 3103 1424 3159 est
1446 3102 1478 3159 et
1498 3097 1544 3158 sio
1565 3094 1648 3158 inter

321 3211 355 3256 se
378 3198 450 3255 sunt
469 3190 620 3278 pleraque
642 3213 785 3259 connexa
809 3202 840 3259 et
861 3200 949 3278 apta,
971 3200 1022 3266 ut,
1046 3212 1127 3276 quac
1148 3189 1255 3274 paullo
1278 3199 1350 3254 ante
1371 3196 1538 3274 praecepta
1559 3187 1648 3252 dedi-

321 3307 392 3350 mus
413 3285 554 3370 ambigui
575 3279 721 3373 quaeque
741 3289 885 3374 proxime
907 3285 1079 3352 sententiae
1102 3293 1133 3351 et
1151 3284 1275 3371 scripti,
1298 3288 1407 3350 eadem
1423 3281 1463 3349 ad
1477 3281 1537 3348 boc
1551 3300 1647 3366 genus

284 3400 435 3451 accensae
456 3383 582 3447 tertium
603 3382 843 3447 transferantur.
890 3384 962 3446 138.
986 3384 1064 3445 Nam
1086 3377 1200 3464 quibus
1221 3377 1299 3444 locis
1320 3377 1354 3442 in
1375 3379 1521 3462 ambiguo
1542 3373 1649 3441 deien-

322 3473 424 3542 dimus
447 3493 516 3540 eam
538 3473 817 3560 significationem,
842 3496 922 3563 qnae
944 3496 1002 3541 nos
1020 3473 1162 3550 adiuvat,
1186 3473 1305 3538 eisdem
1326 3475 1359 3538 in
1381 3470 1548 3537 contrariis
1570 3471 1649 3554 legi·

322 3573 382 3635 bus
413 3577 522 3635 nostra
553 3570 606 3637 lex
636 3569 834 3636 defendenda
864 3579 922 3636 est.
973 3573 1094 3636 Deinde
1126 3577 1174 3634 est
1206 3566 1418 3642 efficiendum,
1454 3574 1490 3630 ut
1520 3567 1648 3630 alterius

322 3667 429 3752 scripti
451 3667 654 3742 sententiam,
679 3666 808 3730 alterius
830 3667 927 3730 verba
950 3662 1164 3730 defendemus.
1209 3664 1255 3727 Ita
1270 3683 1352 3748 quae
1366 3663 1461 3727 modo
1476 3663 1515 3726 de
1529 3658 1648 3746 scripto

322 3747 539 3845 sententiaque
559 3769 729 3847 praecepta
750 3767 838 3836 sunt,
862 3763 972 3825 eadem
993 3763 1055 3825 buo
1076 3759 1180 3822 omnia
1202 3755 1436 3822 transferemus.

286 3880 314 3924 rs
408 3859 476 3922 XL.
509 3857 579 3920 139.
616 3856 787 3937 Expositae
816 3863 888 3919 sunt
916 3853 972 3919 tibi
1002 3873 1111 3918 omnes
1144 3852 1300 3918 oratoriae
1331 3851 1533 3938 partitiones,
1566 3867 1648 3934 quae

324 3951 453 4036 quidem
475 3971 493 4013 e
515 3948 618 4015 media
646 3948 698 4013 illa
726 3956 834 4014 nostra
863 3947 1032 4013 Academia
1061 3946 1284 4023 effloruerunt,
1317 3967 1422 4031 neque
1444 3949 1511 4011 sine
1534 3964 1573 4009 ea
1594 3951 1649 4008 ant

323 4043 459 4110 inveniri
487 4051 542 4107 aut
570 4041 701 4126 intelllgi
723 4050 776 4107 aut
798 4043 924 4107 tractari
947 4050 1086 4127 possunt.
1130 4046 1210 4106 Nam
1233 4048 1266 4106 et
1286 4039 1395 4124 partiri
1416 4039 1518 4126 ipsum
1542 4046 1575 4104 et
1594 4040 1649 4102 de-

323 4135 415 4203 finire
444 4144 475 4201 et
503 4135 643 4222 ambigui
670 4136 857 4221 partitiones
886 4138 1028 4202 dividere
1055 4144 1087 4201 et
1116 4143 1373 4221 argumentorum
1393 4133 1481 4200 locos
1502 4153 1596 4198 nosse
1617 4138 1649 4196 et

324 4231 628 4318 argumentationem
654 4231 754 4319 ipsam
782 4229 971 4297 concludere
1000 4239 1032 4296 et
1059 4232 1185 4307 videre,
1220 4251 1300 4316 quae
1330 4231 1481 4295 sumenda
1502 4231 1534 4293 in
1556 4246 1649 4310 argu·

285 4353 316 4396 sr
326 4328 493 4392 mentando
522 4327 586 4392 sint
613 4328 750 4413 quidque
779 4325 895 4400 exiis,
930 4345 1010 4410 quae
1031 4335 1155 4410 sumpta
1177 4333 1267 4400 sunt,
1306 4322 1460 4389 efficiatur
1481 4330 1513 4388 et
1532 4341 1609 4388 vera
1630 4340 1649 4385 a

326 4419 429 4498 falsis,
452 4421 520 4487 veri
542 4419 657 4485 similia
677 4421 717 4484 ab
739 4417 979 4486 incredibilibus
1001 4416 1172 4486 diiudicare
1195 4429 1227 4485 et
1248 4419 1438 4506 distinguere
1452 4426 1483 4483 et
1498 4422 1552 4481 aut
1567 4416 1649 4479 male

396 4727 424 4778 1.
444 4727 493 4779 Vr.
508 4725 584 4778 cltud
596 4728 705 4778 renuere
718 4728 843 4790 expunrtt
856 4725 1005 4778 Sebutrtur.
1018 4748 1049 4763 -
1068 4728 1112 4777 tr.
1132 4724 1247 4788 msendtt
1259 4725 1293 4776 n.
1306 4748 1337 4762 -
1357 4724 1401 4776 18.
1420 4731 1500 4788 etque
1512 4722 1606 4773 ltttertr
1614 4720 1648 4774 lt.

328 4818 361 4833 -
379 4797 424 4849 33.
443 4799 594 4850 retrulutur
610 4798 648 4860 V,
667 4797 758 4850 bamb.
778 4797 936 4862 Scbutptus:
956 4799 1111 4851 retrubntur
1129 4798 1194 4853 ΒΕ.
1215 4798 1338 4847 trabatur
1356 4796 1388 4846 V.
1411 4819 1438 4831 -
1459 4794 1504 4845 33.
1522 4794 1650 4857 proclam

327 4866 367 4926 V,
384 4871 506 4930 proclam
525 4882 578 4919 cm·
597 4871 630 4920 R·
651 4893 682 4906 -
700 4869 743 4921 30.
762 4869 915 4934 referuntur
931 4867 988 4918 RV.
1016 4893 1048 4907 -
1079 4868 1122 4919 36.
1142 4865 1314 4933 effloruerunt
1334 4867 1474 4931 proporutt
1492 4865 1645 4915 llrnesttus:

328 4935 461 5003 epiorum
479 4939 501 4989 V
519 4946 585 4992 teste
604 4942 702 4994 Bruto,
731 4939 879 5006 floruerunt
897 4937 984 5000 ttvn,
1010 4939 1147 5004 {lecerunt
1165 4938 1257 4987 Lumb.
1291 4961 1320 4975 -·
1353 4937 1396 4987 38.
1416 4933 1544 5001 nmttpus']
1570 4934 1651 4997 ercet

329 5005 393 5068 VV,
412 5021 523 5074 crpucrc
540 5011 573 5060 n.
593 5035 624 5048 -
640 5016 731 5074 partes
749 5009 887 5061 secuntus
906 5011 976 5060 cont.
997 5009 1093 5062 Verum
1113 5012 1191 5060 ettam
1211 5003 1240 5071 §-
1261 5009 1342 5060 tto.=
1369 5007 1484 5072 pcrttts‘c
1502 5030 1514 5041 -
1531 5029 1543 5041 ·
1560 5005 1650 5055 aare·

329 5079 395 5131 butu
413 5084 461 5129 cst.
481 5104 512 5118 -
532 5081 576 5132 33.
596 5081 728 5133 includere
746 5082 777 5130 V.
804 5078 1087 5143 8111111111-
1113 5081 1157 5132 st.
1178 5092 1209 5131 ce
1228 5079 1290 5132 dist.
1310 5079 1343 5133 V·
1371 5103 1403 5114 ·-
1432 5083 1457 5128 et
1473 5083 1524 5129 cot
1540 5073 1650 5127 moult

329 5150 447 5217 etttquer
466 5155 493 5204 ct
511 5152 579 5207 mule
597 5151 638 5218 V,
657 5159 705 5206 out
721 5152 790 5207 mab
807 5147 872 5218 (om.
890 5147 925 5218 ct)
943 5151 976 5205 Ε.
