3746 5850
923 1011 983 1138 'iq‘
1004 1013 1033 1074 fi

1024 1109 1031 1135 .
1069 1071 1193 1130 ala·
1228 1051 1325 1116 6²2·

606 1353 941 1436 maram!
971 1355 1329 1442 CICERONIS

733 1565 1179 1662 LIBELLUS

932 1797 986 1864 DF.

415 1999 1501 2117 ormrmoaeumurru

635 2165 1280 2359 ORATiJRUM·

299 2813 381 2878 121.
415 2789 596 2880 (iratorum
617 2829 735 2894 geacra
757 2827 825 2876 ecee
845 2807 990 2874 dicuntur
1002 2814 1161 2897 tamquam
1174 2815 1351 2895 poetarum.
1395 2808 1431 2877 Id
1444 2831 1535 2880 aecus
1549 2823 1614 2895 cet;

150 2901 174 3014 j
299 2925 371 2972 nam
393 2904 523 2972 alterum
544 2911 592 2970 ert
611 2901 787 2987 multiplex.
832 2903 987 2986 Poematia
1009 2902 1093 2970 euim
1113 2903 1236 2988 tragici,
1269 2904 1400 2984 comici,
1424 2907 1524 2994 epici,
1548 2932 1615 2976 me·

298 3000 353 3066 lici
380 3001 472 3068 etiam
499 3020 536 3065 ac
564 2995 797 3084 dithyrambici,
830 3019 892 3086 quo
919 3000 1018 3084 magia
1045 3009 1093 3065 eet
1117 3005 1283 3064 uerutum
1309 3020 1327 3064 a
1354 2999 1490 3079 Latinio,
1522 3025 1614 3070 auum

300 3094 449 3182 crineque
471 3103 519 3161 ert
539 3092 696 3160 diversum
712 3093 885 3180 areliquis.
927 3095 1035 3178 Itaque
1057 3100 1090 3158 et
1108 3094 1142 3158 iu
1164 3093 1324 3178 tragoedia
1345 3097 1500 3162 comicum
1520 3099 1615 3165 vitio·

276 3211 369 3261 raum
390 3197 438 3255 eat
457 3195 489 3255 et
509 3190 542 3254 ia
562 3186 726 3253 comoedia
745 3196 837 3273 turpe
858 3189 1027 3273 tragicum3
1060 3195 1093 3253 et
1119 3187 1153 3254 iu
1180 3187 1294 3254 ceteris
1325 3208 1399 3255 aum
1426 3199 1475 3256 eat
1500 3193 1615 3278 cuique

299 3292 403 3350 certus
430 3303 525 3349 aouue
553 3290 586 3346 et
611 3279 762 3368 quaedam
783 3279 1027 3364 intelligentibus
1048 3288 1123 3347 uota
1144 3300 1217 3348 vor„
1260 3285 1291 3347 1.
1316 3283 1484 3350 Oratomm
1506 3295 1611 3353 autem

298 3378 324 3444 ei
347 3378 417 3464 quie
437 3377 481 3444 ita
502 3383 647 3442 numerat
666 3376 756 3461 plura
777 3394 910 3459 genera,
932 3383 968 3440 ut
981 3374 1059 3441 alica
1074 3375 1207 3460 grandes
1225 3383 1279 3442 aut
1299 3395 1410 3462 gravce
1431 3387 1485 3444 aut
1505 3383 1615 3465 copio-

296 3491 368 3551 eoa,
406 3471 484 3538 aiios
505 3479 616 3537 tenues
637 3478 689 3536 aut
710 3470 838 3536 eubtilce
860 3476 915 3536 aut
940 3468 1070 3546 breves,
1103 3470 1181 3536 aiios
1209 3472 1256 3536 eia
1281 3470 1463 3538 interiectos
1484 3481 1515 3539 et
1535 3483 1615 3540 tam·

297 3587 390 3653 quam
411 3569 533 3632 medica
554 3571 658 3650 putet,
693 3562 732 3631 de
752 3563 934 3632 hominibus
963 3564 1039 3631 dicit
1064 3563 1199 3651 aliquid,
1233 3568 1274 3632 de
1295 3586 1330 3631 rc
1351 3586 1474 3650 parum.
1519 3571 1556 3634 lu
1576 3589 1613 3635 re

258 3659 398 3739 aceuim,
422 3659 507 3745 quod
528 3664 680 3746 optimum
701 3662 757 3738 sit,
781 3663 959 3747 quaeritur;
987 3662 1020 3726 io
1041 3661 1166 3727 homine
1189 3660 1318 3735 dicitur.
1341 3665 1427 3748 quod
1448 3669 1507 3729 eat.
1551 3666 1615 3730 Ite-

296 3778 358 3844 que
379 3756 453 3822 licet
473 3757 577 3822 dicere
599 3763 630 3819 et
650 3755 785 3821 Ennium
806 3775 961 3821 summum
984 3753 1109 3839 epicum
1130 3763 1270 3842 poetam,
1293 3755 1321 3821 ei
1341 3758 1393 3822 cui
1414 3758 1458 3822 ita
1478 3758 1612 3835 videtur,

296 3859 329 3918 et
348 3849 515 3916 Pacuvium
535 3848 687 3933 tragicum
710 3857 741 3914 et
762 3848 932 3915 Caecilium
952 3847 1084 3914 iortaaso
1105 3853 1269 3916 comicum.
1312 3853 1343 3916 8.
1369 3850 1533 3916 Oratorem
1556 3872 1610 3936 ge-

294 3965 371 4012 nere
392 3963 456 4010 nou
477 3942 600 4020 divid0;
632 3941 806 4032 perfectum
827 3946 910 4010 euim
932 3963 1060 4030 quaero.
1104 3947 1204 4010 Unum
1226 3953 1273 4011 cat
1293 3952 1399 4010 autem
1420 3965 1519 4029 genua
1541 3967 1614 4034 per·

294 4038 385 4116 secti,
416 4059 436 4104 a
457 4057 520 4126 quo
540 4037 595 4126 qui
616 4041 744 4116 absunt,
774 4058 838 4105 nou
859 4058 974 4124 genere
995 4036 1157 4114 differunt.
1190 4047 1225 4104 ut
1246 4039 1412 4107 Terentiae
1435 4044 1474 4106 ab
1494 4041 1610 4118 Accio,

256 4136 349 4208 aeecd
370 4135 404 4198 in
426 4132 537 4199 eodem
559 4151 673 4217 genere
700 4153 763 4200 non
792 4144 865 4200 eunt
891 4152 993 4219 pares.
1039 4133 1182 4219 Optimus
1211 4140 1259 4198 eet
1283 4134 1368 4200 euim
1398 4143 1519 4211 orator,
1557 4137 1611 4221 qui

294 4229 429 4296 dicendo
459 4227 581 4294 animoa
607 4227 797 4294 audientium
826 4235 858 4294 et
885 4230 976 4294 docet
1005 4235 1036 4292 et
1064 4226 1199 4294 delectat
1220 4235 1252 4293 et
1272 4237 1445 4315 permovet.
1489 4232 1611 4296 Docere

295 4322 433 4392 debitum
456 4332 517 4402 θείς
551 4321 705 4389 delectare
726 4324 949 4402 honorarium'3
983 4343 1172 4407 permovere
1194 4323 1417 4390 neceesarium.
1460 4323 1491 4390 i.
1524 4327 1611 4391 Haec

293 4426 329 4486 ut
350 4417 428 4485 alim
449 4417 560 4484 meliru
581 4437 674 4506 quam
695 4415 792 4494 adue,
813 4420 1050 4484 concedendum
1070 4427 1133 4499 eet;
1155 4439 1267 4486 verum
1287 4420 1320 4485 id
1341 4417 1376 4485 fic
1396 4439 1460 4486 uon
1483 4438 1606 4506 genere,

1865 3121 1867 3146 ι

1865 3149 1867 3186 1

365 4640 392 4692 1.
412 4651 510 4704 garrera
536 4639 588 4690 duo
606 4650 659 4690 cecc
675 4651 701 4690 v.
732 4661 765 4676 -
794 4637 840 4689 ced
857 4638 887 4688 td
904 4652 930 4692 v.
959 4661 990 4675 -
1020 4637 1047 4689 1.
1072 4651 1137 4689 nam
1154 4637 1266 4691 ουσιαι
1282 4645 1322 4691 eat
1338 4638 1468 4703 campere,
1498 4639 1612 4690 oum

297 4709 434 4775 moeretur
451 4709 543 4762 Lamo.
564 4731 594 4748 -
611 4710 638 4762 a.
656 4721 707 4775 quo
725 4723 751 4769 a,
772 4709 804 4770 U.
824 4707 912 4763 Codex
930 4709 1048 4762 Turnat!
1067 4709 1150 4760 Aduo.
1171 4711 1206 4770 t,
1224 4709 1263 4771 t..
1282 4709 1326 4762 Na
1346 4710 1416 4775 quod
1434 4709 1464 4760 a.
1485 4735 1517 4748 -
1536 4721 1612 4762 muare

297 4784 419 4845 rutaeque
444 4781 601 4835 Mardum:
631 4793 708 4831 ruam
734 4782 828 4844 quotue
845 4794 879 4844 a,
907 4793 1032 4846 mumque
1055 4781 1098 4831 toa
1119 4794 1153 4840 v,
1185 4791 1261 4830 tuom
1283 4791 1334 4844 quo
1352 4781 1474 4844 cotaaqae
1503 4778 1540 4844 (td
1560 4789 1610 4844 ert,

296 4849 447 4920 maeque)
464 4851 504 4914 N.
523 4853 725 4917 cumquodeus
742 4851 798 4902 ua.
821 4876 850 4889 -
877 4851 904 4904 5.
922 4863 985 4902 aaut
1002 4852 1152 4916 cetcotque
1170 4857 1403 4903 commacerare:
1423 4863 1485 4901 auae
1503 4857 1540 4904 cet
1557 4854 1612 4903 cet·

295 4936 344 4990 φη
361 4935 439 4974 aooua
458 4923 517 4975 vlt.
535 4920 634 4986 (certer
652 4927 761 4976 tuentur
778 4920 846 4976 de.
864 4929 925 4974 aute
942 4921 984 4983 u.
1004 4924 1052 4976 etat
1069 4925 1141 4975 varta
1160 4919 1322 4986 corrupted.)
1344 4945 1374 4960 -
1403 4921 1430 4973 1.
1451 4921 1483 4972 dc
1500 4923 1610 4974 tenuc-

295 4993 343 5046 dot
360 4993 423 5043 coo
441 4991 574 5047 cretum:
594 4993 741 5045 doratotdoc
758 4993 835 5045 dctctt
853 4989 919 5058 (om.
938 4989 980 5057 da)
998 5007 1031 5057 a,
1048 4992 1080 5046 de
1097 4991 1243 5045 emerem
1259 4993 1327 5044 dtcet
1345 4991 1375 5041 Ε.
1398 5015 1427 5030 -
1454 4989 1498 5042 tt.
1519 4993 1610 5046 Tem·

295 5065 348 5118 ctae
365 5063 398 5116 od
415 5059 493 5116 Accio
511 5076 572 5117 ava
604 5065 637 5118 ot
655 5063 729 5116 Attte
748 5063 882 5116 Terenttue
898 5064 920 5116 lt
938 5075 997 5117 cum
1022 5067 1126 5118 cetertr.
1145 5088 1175 5103 -
1204 5063 1248 5116 15.
1273 5061 1363 5117 rodere
1389 5073 1483 5127 acam
1500 5075 1553 5128 ar,
1564 5063 1610 5118 Nc

294 5127 702 5204 cenomannorum
723 5138 786 5191 cco.
806 5133 875 5190 ltdd.
