3720 5840
331 475 373 542 54
835 469 888 535 ΑΙ)
911 469 1150 538 HERENNIUM

331 655 395 701 non
417 635 477 700 isto
499 633 594 697 modo
617 629 748 708 didicit,
782 636 818 696 ut
838 629 993 718 Lysippus
1014 638 1108 715 caput
1128 635 1308 700 ostenderet
1329 638 1492 725 Myronis,
1526 641 1653 706 brachia

332 728 529 804 Praxitelae,
566 733 674 813 pectus
700 726 871 812 Polycleti,
906 734 1049 792 ventrem
1076 733 1108 791 ct
1134 747 1224 794 crura
1245 729 1303 814 “3
1342 736 1397 796 sed
1421 731 1526 798 omnia
1548 753 1653 800 cerum

332 823 515 908 magistrum
543 823 709 887 facientem
741 823 884 895 videbat,
922 829 1100 886 ceterorum
1128 843 1227 906 opera
1246 823 1298 889 vel
1320 845 1377 891 sua
1399 835 1510 912 sponte
1529 835 1655 911 poterat

334 916 545 984 considerare.
590 915 644 981 lsti
666 918 797 981 credunt
818 937 895 992 cos,
920 915 974 1001 qui
997 919 1074 981 baec
1094 915 1191 981 velint
1212 917 1354 994 discere,
1378 919 1438 986 ulia
1456 919 1576 987 ratione
1599 926 1655 988 do·

312 1010 398 1077 socri
419 1031 511 1098 posse
534 1009 739 1076 commodius.
786 1012 852 1076 Vll.
888 1013 938 1074 10.
973 1013 1140 1078 Praeterea
1161 1032 1199 1078 ne
1214 1021 1345 1098 possunt
1359 1014 1483 1102 quidem
1500 1028 1558 1093 ca,¹
1573 1038 1654 1102 quae

333 1115 497 1172 sumuntur
528 1103 568 1170 ab
601 1104 692 1180 aliis,
730 1107 874 1190 exempla
907 1113 970 1169 tam
997 1127 1066 1172 esse
1094 1111 1329 1174 accommodate
1358 1109 1398 1174 ad
1428 1121 1527 1176 artem
1561 1133 1654 1198 quem

333 1201 485 1286 propria3
522 1209 711 1285 propterea,
749 1202 834 1286 quod
862 1202 894 1264 in
923 1198 1055 1263 dicendo
1083 1201 1195 1266 leviter
1220 1222 1301 1268 unus
1326 1203 1458 1291 quisque
1480 1203 1567 1270 locus
1587 1209 1656 1292 ple-

333 1315 467 1380 rumque
489 1296 646 1378 tangitur,
668 1313 709 1358 ne
731 1315 782 1358 ars
804 1300 972 1379 appareat,
1007 1292 1040 1358 in
1061 1294 1283 1382 praecipiendo
1312 1318 1460 1384 expresse
1481 1304 1656 1388 conscripta

335 1409 454 1475 ponere
476 1396 602 1474 oportet
623 1387 785 1474 exempla,
808 1389 853 1451 uti
875 1387 907 1451 in
930 1387 1004 1453 artis
1025 1390 1159 1455 formam
1182 1393 1351 1458 convenire
1374 1398 1508 1480 possint,
1533 1403 1657 1480 etpost

297 1500 325 1541 1⁰
335 1485 367 1550 in
389 1486 543 1559 dicendo,
567 1503 607 1548 ue
629 1483 730 1566 possit
751 1503 802 1547 ars
824 1487 963 1548 eminere
985 1490 1017 1548 ct
1038 1487 1076 1548 ab
1099 1487 1245 1551 omnibus
1266 1489 1389 1564 videri,
1417 1488 1562 1553 facultate
1584 1508 1656 1553 ora·

334 1581 412 1646 toris
434 1577 614 1643 occultatur.
657 1581 740 1661 Ergo
772 1578 865 1642 etiam
897 1585 932 1642 ut
959 1577 1059 1663 magis
1082 1600 1133 1645 ars
1155 1590 1382 1664 cognoscatur,
1418 1585 1482 1649 suis
1503 1582 1656 1666 exemplis

334 1674 446 1742 melius
468 1683 515 1739 est
535 1673 591 1743 uti.
632 1676 795 1738 Postremo
817 1677 896 1738 haec
918 1693 1045 1758 quoque
1067 1695 1119 1739 res
1141 1695 1198 1740 nos
1221 1679 1311 1742 duxit
1332 1675 1371 1743 ad
1393 1682 1472 1742 banc
1486 1681 1654 1752 rationem,

336 1768 420 1856 quod
443 1770 568 1834 nomina
591 1788 698 1834 rerum
721 1769 861 1844 Graeca,
885 1787 965 1853 quae
987 1769 1220 1845 convertimus,
1251 1791 1287 1836 ca
1309 1782 1431 1838 remota
1453 1783 1561 1837 sunta
1583 1792 1658 1837 con·

336 1861 510 1930 suetudine.
553 1864 642 1941 Quae
664 1863 747 1928 enim
769 1882 819 1927 res
838 1861 920 1946 apud
935 1869 1060 1928 nostros
1074 1883 1139 1928 non
1154 1871 1263 1940 erant,
1286 1887 1394 1930 earum
1410 1887 1514 1932 rerum
1531 1869 1658 1932 nomina

298 1970 399 2026 ²⁵non
420 1965 566 2043 poterant
587 1977 655 2022 esse
676 1956 798 2022 usitata.
841 1960 925 2042 Ergo
947 1960 1024 2022 baec
1046 1958 1206 2041 asperiora
1228 1959 1330 2045 primo
1349 1961 1515 2026 videantur
1529 1981 1657 2026 necesse

337 2064 402 2130 est,
428 2055 523 2137 idque
545 2050 599 2117 liet
618 2051 682 2127 rei,
712 2071 776 2117 non
799 2060 906 2117 nostra
927 2051 1118 2118 difficultate.
1164 2053 1329 2141 Reliquum
1353 2057 1524 2142 scripturae
1546 2075 1659 2120 eonsu-

336 2157 440 2214 metur
461 2148 494 2211 in
516 2148 688 2234 exemplis3
712 2147 792 2211 haec
813 2148 917 2211 aliena
938 2149 964 2211 si
986 2149 1219 2232 posuissemus,
1242 2149 1359 2214 iactum
1375 2159 1477 2226 esset,
1501 2157 1550 2222 ut,
1573 2153 1658 2234 quod

338 2245 533 2309 commodius
556 2248 640 2307 esset
659 2240 692 2305 in
715 2243 776 2306 hoc
798 2243 899 2317 libro,
923 2244 955 2306 id
977 2250 1117 2308 nostrum
1139 2264 1204 2308 uon
1226 2249 1326 2320 esset3
1358 2247 1443 2330 quod
1466 2245 1605 2328 asperius
1627 2251 1660 2308 et

337 2339 538 2412 inusitatum,
570 2337 602 2400 id
625 2337 753 2422 proprie
775 2333 867 2401 nobis
890 2335 1122 2402 attribueretur.
1167 2341 1251 2423 Ergo
1281 2340 1363 2402 hauc
1393 2359 1519 2425 quoque
1540 2339 1659 2401 incom-

300 2431 520 2498 umoditatem
542 2429 689 2516 sugimus.
748 2431 805 2494 His
827 2429 866 2495 de
889 2433 1006 2507 causis,
1040 2453 1112 2496 cum
1134 2435 1208 2496 artis
1230 2434 1444 2497 inventionem
1467 2436 1658 2499 Graecorum

336 2530 580 2613 probassemus,
606 2527 822 2613 exemplorum
844 2526 998 2590 rationem
1021 2527 1120 2591 secuti
1141 2546 1346 2592 nonsumus.
1380 2561 1388 2572 ·

422 2625 510 2684 Nunc
542 2627 664 2704 tempus
702 2618 853 2704 postulat,
889 2627 924 2684 ut
956 2622 996 2685 ad
1033 2621 1219 2686 elocutionis
1252 2629 1416 2706 praccepta
1452 2613 1656 2686 transeamus.

339 2717 487 2800 Bipartita
509 2713 604 2799 igitur
627 2715 687 2778 crit
708 2715 800 2778 uobis
823 2713 1009 2779 elocutionis
1023 2717 1215 2802 praeceptio.
1260 2715 1397 2780 Primum
1413 2714 1568 2789 dicemus,
1592 2715 1660 2800 qui-

340 2813 400 2875 bus
422 2809 455 2874 iu
477 2811 644 2893 generibus
667 2827 790 2894 semper
818 2810 919 2873 omnis
949 2810 1086 2874 oratoria
1115 2811 1252 2874 elocutio
1281 2808 1396 2874 debeat
1424 2829 1514 2885 esse;
1547 2809 1659 2875 deinde

304 2917 331 2958 ²⁵
342 2906 559 2977 ostendemus,
584 2922 662 2986 quas
685 2923 734 2967 res
756 2923 880 2990 semper
901 2905 1020 2969 babere
1042 2907 1166 2969 debeat.
1211 2905 1294 2969 Vlll.
1322 2908 1371 2968 11.
1397 2905 1476 2969 Sunt
1493 2905 1587 2989 igilur
1601 2903 1661 2970 trie

341 3018 477 3084 genera,
510 3018 591 3083 quae
624 3019 740 3080 genera
767 3017 825 3062 nos
855 2997 969 3083 figuras
999 2999 1205 3085 appellamus,
1240 2997 1270 3061 in
1301 2996 1413 3084 quibus
1435 3001 1536 3063 omnis
1560 3001 1660 3065 oratio

341 3112 405 3157 nou
433 3094 544 3157 vitiosa
576 3093 788 3170 consumitur;
826 3114 920 3159 unam
948 3114 1096 3177 gravem,
1134 3096 1264 3157 alteram
1285 3094 1498 3168 mediocrem,
1535 3093 1660 3158 tertiam

342 3194 531 3250 attenuatam
551 3205 710 3253 vocamus.
757 3189 864 3254 Gravis
888 3196 955 3262 est,
994 3209 1075 3273 quae
1104 3195 1225 3251 constat
1254 3207 1294 3251 ex
1320 3190 1490 3252 verborum
1520 3189 1660 3272 gravium

342 3282 404 3346 levi
426 3288 458 3346 et
478 3290 587 3347 ornata
609 3285 851 3348 constructione.
895 3285 1061 3347 Mediocris
1091 3290 1155 3357 cst,
1189 3301 1269 3369 quae
1291 3289 1472 3346 constater
1494 3281 1660 3346 humiliore

306 3396 446 3461 seneque
469 3384 571 3442 tamen
596 3400 635 3442 ex
657 3377 761 3443 intima
785 3386 816 3442 et
829 3378 1098 3464 pervulgatissima
1112 3373 1280 3441 verborum
1297 3375 1458 3462 dignitate.
1497 3379 1660 3440 Attenuata

344 3479 401 3546 est,
418 3491 499 3556 quae
515 3473 647 3536 demissa
662 3481 709 3537 est
724 3493 823 3559 usque
838 3475 876 3536 ad
890 3472 1121 3537 usitatissimam
1135 3472 1206 3557 puri
1222 3470 1478 3537 consuetudinem
1494 3473 1658 3536 sermonis.

427 3566 463 3628 ln
485 3565 572 3649 gravi
594 3563 692 3650 ligura
715 3574 915 3631 consumetur
937 3567 1053 3640 oratio,
1087 3568 1133 3642 si,
1165 3585 1245 3652 quae
1267 3567 1418 3650 cuiusque
1446 3565 1492 3629 rei
1513 3573 1663 3650 poterunt

345 3659 538 3725 ornatissima
566 3664 663 3726 verba
689 3662 819 3747 reperiri
850 3662 915 3726 sive
942 3662 1070 3746 propria
1091 3659 1158 3725 sive
1182 3667 1350 3736 extranea,
1388 3679 1482 3723 unam
1505 3680 1661 3745 quamque

343 3759 377 3821 in
393 3777 458 3821 rem
474 3753 811 3832 accommodabuntur3
837 3763 878 3830 et,
903 3753 928 3818 si
945 3775 1054 3838 graves
1070 3758 1253 3830 sententiae,
1279 3775 1360 3840 quae
1375 3755 1407 3818 in
1421 3755 1662 3841 amplificatione

307 3860 377 3918 ³⁵et
399 3853 670 3917 commiseratione
692 3858 880 3924 tractantur,
913 3847 1085 3933 eligentem
1119 3857 1169 3923 et,
1203 3851 1228 3914 si
1252 3849 1473 3914 exornationes
1496 3849 1663 3913 sententia-

345 3969 413 4011 rum
436 3953 490 4010 aut
513 3947 697 4019 verborum,
722 3964 803 4028 quae
827 3943 1008 4027 gravitatem
1031 3942 1211 4020 habebunt,
1235 3947 1275 4009 de
1298 3943 1410 4030 quibus
1424 3942 1661 4030 postdiccmus,

345 4041 589 4105 adhibebuntur.
636 4041 686 4102 1⁶2.
712 4040 747 4101 ln
769 4041 829 4103 boc
851 4059 965 4122 genere
987 4035 1104 4122 figurae
1126 4038 1186 4103 erit
1207 4041 1268 4103 hoc
1285 4042 1478 4125 exemplum:
1502 4041 1664 4126 Numquis

346 4144 393 4200 est
414 4139 572 4211 vestrum,
605 4135 742 4209 iudices,
773 4135 827 4220 qui
849 4138 922 4198 satis
944 4131 1089 4198 idoneam
1110 4135 1210 4216 possit
1231 4135 1263 4196 in
1287 4153 1357 4196 cum
1381 4152 1514 4218 poenam
1538 4133 1664 4216 excogi-

345 4239 428 4307 tare,
453 4233 507 4317 qui
528 4231 664 4316 prodere
687 4231 830 4294 hostibus
852 4229 985 4316 patriam
1007 4229 1171 4310 cogitarit?
1194 4229 1278 4313 quod
1301 4225 1488 4291 maleficium
1510 4247 1581 4291 cum
1604 4229 1664 4290 lroc

308 4326 465 4392 ttscclere
487 4322 679 4410 comparari,
713 4323 797 4408 quod
827 4322 899 4388 huic
928 4320 1082 4387 maleficio
1114 4320 1241 4405 dignum
1270 4321 1456 4408 supplicium
1486 4329 1589 4407 polest
1617 4323 1665 4383 in-

346 4421 471 4488 venirit
494 4424 530 4487 ln
553 4421 607 4497 iis,
632 4419 685 4507 qui
706 4418 877 4484 violassent
898 4417 1084 4501 ingenuam,
1108 4416 1374 4481 matremfamilias
1396 4423 1661 4500 constuprassent,

415 4585 441 4634 9.
462 4584 602 4647 Polycleti,
629 4587 788 4632 contremet
807 4593 886 4630 crure
905 4613 912 4628 .
934 4611 941 4626 .
963 4611 970 4625 .
992 4613 999 4628 .
1018 4577 1063 4628 sed
1090 4577 1152 4628 llT:
1181 4578 1305 4641 Polycleti
1331 4577 1375 4628 red
1399 4577 1518 4627 caure.
1547 4577 1619 4639 (Post
1636 4589 1662 4626 v.

346 4669 428 4708 crure
445 4659 541 4707 exciuit
560 4656 665 4705 artlllcts
684 4649 802 4708 nomen.)
821 4675 852 4686 -
881 4649 906 4699 3.
926 4653 1030 4708 poteret
1048 4651 1213 4699 considerare
1232 4648 1357 4698 curura
1378 4650 1543 4698 considerare
1559 4654 1664 4710 poteret

346 4729 402 4779 ts.
424 4752 454 4764 -
473 4726 500 4776 9.
520 4728 561 4776 uti
578 4723 706 4776 PABFT:
727 4730 757 4772 ut
775 4721 830 4772 llll.
850 4745 883 4756 -·
901 4719 943 4770 l8.
964 4721 1091 4770 cornmodi
1109 4717 1204 4769 PAFT.
1228 4743 1256 4755 -
1278 4720 1320 4769 19.
1339 4722 1493 4768 laudtotiur
1511 4719 1531 4767 ll
1551 4725 1578 4770 et
1596 4731 1662 4768 cerr.

346 4799 381 4858 P,
401 4799 432 4848 l..
454 4821 484 4834 ··
504 4796 547 4846 2³.
568 4799 651 4862 ὁρίων
669 4795 719 4845 erit
737 4794 839 4844 elur:
860 4793 909 4842 erit
926 4791 1009 4854 tpitur
1027 4791 1090 4849 llll,
1108 4801 1170 4854 erpo
1184 4790 1233 4838 erit
1248 4789 1276 4840 B.
1299 4815 1328 4827 ·-
1348 4789 1392 4838 13.
1413 4789 1513 4838 debeat.
1550 4789 1664 4852 umeros

348 4870 480 4920 oracionis
503 4873 564 4918 eunt
591 4873 650 4917 tres.
677 4869 738 4914 runt
763 4871 813 4913 cet.
836 4862 894 4919 aa.
926 4861 1025 4910 alebam
1045 4862 1162 4923 Flpuree
1180 4861 1310 4908 orationis
1328 4866 1389 4909 aunt
1408 4859 1458 4908 lll.
1480 4871 1546 4920 quus
1564 4861 1665 4924 pyum

347 4942 397 4992 elli
413 4951 509 5004 ponere
520 4941 731 4988 nominaverunt.
751 4934 870 4984 9111.-
888 4933 931 4982 39.
947 4930 1145 4981 ettenuotemll
1164 4936 1191 4980 et
1202 4943 1269 4979 corr.
1285 4931 1413 4992 Palthue
1428 4933 1518 4990 prucl:
1541 4937 1665 4979 extenua·

348 5019 404 5064 tem
418 5012 438 5060 ll
452 5023 510 5059 eum
524 5009 611 5059 ,11911
625 5016 651 5059 et
665 5020 703 5069 pr.
719 5007 748 5056 P.
765 5031 791 5042 -
808 5005 851 5054 19.
867 5003 915 5052 leci
928 5003 1006 5054 PAF:
1022 5003 1073 5052 leni
1084 5001 1116 5059 T,
1129 5015 1225 5066 mopne
1238 5001 1316 5051 llllll.
1328 5025 1359 5037 -
1379 4999 1420 5048 ³0.
1435 5005 1577 5050 eatenuetu
1587 4999 1619 5049 u.
1633 5023 1664 5035 -

350 5085 393 5132 31.
418 5081 626 5131 σοπειιειιιάίποω
643 5078 766 5128 remonis
782 5073 935 5126 Passus:
963 5087 985 5124 a.
1005 5085 1075 5123 toas.
1102 5071 1132 5121 ll.
1159 5097 1192 5106 -
1219 5069 1263 5124 33.
1289 5078 1414 5122 entrance
1433 5068 1495 5119 PFT
1519 5078 1545 5119 et
1564 5083 1603 5131 pr.
1624 5070 1663 5120 Ar

349 5151 484 5204 venustem
502 5151 522 5202 E
542 5163 602 5202 eum
621 5149 666 5200 llll
684 5155 711 5201 et
729 5160 796 5198 corr·
816 5145 849 5196 Α.
868 5167 902 5179 -
919 5144 963 5195 41.
982 5145 1125 5207 inpressum
1136 5140 1157 5192 1³
1177 5149 1203 5195 et
1215 5155 1282 5195 corr.
1295 5143 1329 5200 l',
1348 5142 1482 5206 tepentem
1494 5139 1517 5190 T
1536 5145 1562 5190 et
1581 5154 1621 5203 pr.
1634 5141 1663 5192 F.
