3720 5840
738 400 815 466 ιιι.
839 402 865 466 ι.
911 399 1080 468 c.o.10.
1134 481 1138 488 ⁸
1553 405 1575 472 ι

248 565 404 638 randum,
428 582 470 628 ne
492 557 568 650 quid
588 563 789 648 perturbate,
812 582 852 626 uo
875 563 950 648 quid
973 568 1135 639 contorte,
1169 583 1210 627 no
1232 563 1307 648 quid
1328 564 1500 649 ambigue,
1534 587 1575 632 ne

247 659 324 746 quid
347 676 429 722 nova
452 656 614 733 dieamus,
650 679 691 722 ne
714 678 808 743 quam
830 659 863 722 in
883 659 977 723 aliam
999 680 1067 724 rem
1090 665 1286 724 transeamus
1298 703 1308 734 ,
1338 679 1378 722 ne
1401 660 1441 722 ab
1463 661 1576 726 ultimo

246 769 448 845 repetamus,
483 775 524 818 no
547 755 641 836 longe
662 734 913 840 persequimur,
946 751 1107 841 nequid,
1144 755 1229 839 quod
1251 750 1291 818 ad
1313 775 1382 819 rem
1404 757 1575 838 pertineat,

246 864 508 942 praetereamus,
544 856 576 913 et
594 850 620 912 si
644 869 813 932 sequamur
835 869 894 925 ea,
929 869 1010 934 quae
1040 851 1079 913 de
1109 849 1264 913 brevitate
1286 857 1456 933 praecepta
1487 858 1575 932 sunt3

247 973 321 1016 nam
344 970 406 1036 quo
438 946 585 1020 brevior,
623 962 662 1008 eo
684 941 852 1008 dilucidior
879 950 912 1008 et
939 945 1067 1027 cognitu
1096 941 1220 1008 facilior
1252 946 1390 1010 narratio
1411 943 1476 1010 fiet.
1523 949 1600 1012 16.s

246 1046 322 1112 Veri
343 1045 454 1108 similis
476 1040 615 1106 narratio
638 1040 719 1114 erit,
755 1040 874 1134 si,(ut
895 1058 983 1114 mos,
1017 1046 1053 1102 ut
1073 1040 1202 1122 opinio,
1236 1045 1272 1102 nt
1292 1047 1405 1104 natura
1425 1033 1593 1143 postulat)
1658 1051 1722 1128 ,χ

248 1143 410 1216 dicemus3
435 1139 462 1202 si
478 1136 579 1222 spatia
592 1140 793 1217 temporum,
817 1151 1024 1218 personarum
1040 1135 1229 1217 dignitates,
1253 1135 1457 1200 consiliorum
1481 1139 1578 1202 ratio·

247 1257 321 1312 nes,
345 1237 488 1300 locorum
510 1231 760 1316 opportunitates
783 1231 991 1306 constabunt3
1028 1249 1069 1292 ne
1094 1229 1197 1293 refelli
1223 1230 1324 1311 possit
1345 1237 1399 1294 aut
1423 1234 1576 1316 temporis

247 1353 358 1416 parum
379 1331 477 1395 luisse
500 1332 554 1390 aut
582 1345 708 1388 causam
742 1325 860 1388 nullam
894 1331 961 1408 aut!
978 1324 1085 1388 locum
1116 1324 1266 1388 idoneum
1299 1343 1364 1388 uon
1394 1325 1491 1391 fuisse
1524 1332 1578 1390 aut

248 1427 393 1492 bomines
425 1424 512 1508 ipsos
544 1420 650 1482 facere
679 1425 734 1482 aut
763 1419 828 1505 pati
849 1437 914 1482 non
935 1419 1087 1503 potuisse.
1144 1419 1177 1480 Si
1200 1439 1275 1482 vera
1296 1439 1348 1484 res
1371 1421 1449 1496 erit,
1473 1422 1614 1487 nibilors

249 1524 351 1586 miuus
371 1522 450 1583 haec
473 1515 582 1581 omnia
602 1516 760 1578 narrando
783 1515 999 1578 conservanda
1021 1520 1113 1591 sunt3
1136 1534 1210 1576 nam
1233 1533 1328 1598 saepe
1350 1515 1483 1591 veritas,
1514 1516 1576 1578 nisi

247 1620 327 1682 baec
350 1619 471 1678 servata
493 1611 576 1682 sint,
611 1605 706 1672 fidem
738 1627 802 1673 uon
831 1616 935 1690 potest
961 1609 1089 1672 facere:
1128 1607 1176 1672 sin
1200 1610 1260 1671 erit
1280 1605 1376 1685 ficta,
1414 1627 1453 1672 eo
1476 1610 1576 1693 magis

248 1719 340 1776 eruut
372 1702 598 1771 conservanda.
643 1708 690 1768 De
713 1706 751 1768 iis
778 1705 874 1768 rebus
905 1709 994 1768 caute
1027 1703 1268 1787 confingendum
1299 1701 1396 1781 est,(
1398 1705 1512 1789 quibus
1543 1707 1576 1770 in

246 1807 341 1870 rebus
363 1802 489 1865 tabulae
511 1807 565 1864 aut
587 1800 724 1865 alicuius
746 1796 837 1863 firma
858 1800 1028 1863 auctoritas
1049 1796 1209 1863 videbitur
1230 1795 1427 1896 interfuisse)
1465 1801 1576 1864 Adhuc
1647 1836 1663 1852 α
1688 1789 1699 1812 ”

247 1921 328 1987 quae
357 1897 440 1961 dicta
471 1901 544 1960 sunt
579 1897 716 1960 arbitror
745 1896 825 1958 mibi
858 1901 1002 1960 constare
1027 1915 1098 1957 cum
1120 1889 1233 1958 ce't'e'ris
1255 1896 1331 1958 artis
1354 1895 1573 1980 scriptoribus,
1585 1912 1613 1954 rs

246 1996 307 2062 nisi
330 2014 409 2079 quae
432 1992 471 2056 de
493 1991 757 2056 insinuationibus
786 2009 870 2055 nova
898 1989 1168 2073 excogitavimus,
1203 1990 1290 2074 quod
1320 2009 1373 2054 eas
1400 1990 1460 2054 soli
1493 1987 1573 2074 [nos]

246 2097 372 2178 praeter
402 2093 524 2150 ceteros
556 2086 589 2149 in
621 2086 681 2151 tria
709 2092 852 2172 tempora
880 2084 1066 2160 divisimus,
1103 2089 1138 2146 ut
1165 2084 1258 2169 plane
1288 2091 1406 2150 certam
1436 2085 1519 2149 viam
1543 2092 1577 2150 et

246 2185 444 2271 perspicuam
468 2181 621 2246 rationem
645 2181 847 2245 exordiorum
872 2180 1072 2243 haberemus.
1117 2180 1158 2242 ll.
1184 2181 1291 2254 Nune,
1316 2177 1401 2266 quod
1416 2181 1574 2266 reliquum

247 2287 314 2354 est,
351 2275 501 2362 quoniam
525 2273 563 2341 de
587 2297 692 2340 rerum
714 2275 897 2339 inventione
920 2271 1142 2356 disputandum
1166 2282 1230 2349 est,
1267 2275 1301 2337 in
1324 2296 1387 2360 qua
1415 2277 1574 2359 singulare

246 2373 441 2438 consumitur
474 2373 608 2441 oratoris
639 2369 800 2444 officium,
836 2370 981 2433 dabimus
1014 2388 1163 2454 operam,
1197 2375 1233 2431 ut
1262 2370 1363 2434 nihilo
1393 2371 1496 2434 minus
1525 2372 1612 2434 ιιι-20

247 2468 383 2542 dustrie,
407 2488 501 2555 quam
522 2468 569 2531 rei
590 2467 708 2528 utilitas
730 2465 920 2550 postulabit,
945 2463 1105 2550 quaesisse
1122 2464 1307 2541 videamur,
1331 2465 1358 2529 si
1374 2466 1461 2550 prius
1474 2483 1576 2550 pauca

248 2567 287 2628 de
310 2566 463 2630 divisione
487 2582 651 2628 causarum
675 2559 858 2622 dixerimus.

333 2661 382 2722 17.
408 2660 579 2724 Causarum
603 2653 715 2719 divisio
738 2654 771 2717 in
795 2654 871 2716 duas
893 2658 997 2734 partes
1021 2651 1188 2716 distributa
1209 2657 1267 2716 est.
1318 2653 1458 2719 Primum
1480 2677 1575 2743 pero·

246 2761 312 2818 rata
333 2756 512 2819 narratione
536 2751 687 2816 debemus
710 2748 851 2833 aperire,
876 2745 952 2834 quid
974 2748 1067 2812 nobis
1089 2749 1257 2812 conveniat
1278 2769 1350 2812 cum
1372 2752 1571 2830 adversariis,

247 2855 278 2913 et
300 2849 325 2912 si
348 2869 402 2923 ea,
440 2869 521 2934 quao
549 2847 638 2909 utilia
666 2846 759 2908 nobis
790 2851 899 2917 erunt,
938 2843 1147 2918 convenient,
1183 2842 1258 2928 quid
1291 2845 1325 2907 in
1357 2850 1574 2914 controversia
1584 2863 1611 2907 τε

246 2944 459 3028 relinquatur,
480 2945 542 3007 hoc
564 2942 681 3006 modo:
718 2939 918 3003 Interfeotam
941 2957 1010 3000 esse
1044 2939 1084 3000 ab
1115 2939 1226 3003 Oresta
1259 2945 1392 3004 matrem
1426 2946 1575 3008 convenit

246 3038 323 3102 mihi
353 3059 425 3101 cum
459 3037 670 3102 adversariis:
708 3034 818 3096 iurene
849 3033 962 3096 fecerit
991 3038 1023 3095 et
1051 3031 1216 3097 licueritne
1238 3031 1362 3110 facore,
1398 3035 1431 3100 id
1464 3044 1512 3102 est
1540 3040 1574 3102 in

247 3133 472 3196 controversia.
528 3132 606 3194 Item
636 3150 654 3194 e
682 3129 857 3203 contrario,
892 3129 1161 3210 Agamemnonem
1191 3150 1262 3194 esse
1285 3150 1303 3193 a
1327 3130 1574 3214 Clytaemnestra

247 3229 384 3292 occisum
408 3226 613 3301 confitentum
649 3244 720 3287 cum
742 3223 775 3286 id
796 3224 839 3285 ita
862 3223 919 3297 sit,
944 3243 996 3285 me
1018 3222 1128 3284 ulcisci
1150 3230 1314 3306 parentem
1336 3233 1453 3309 negant
1478 3247 1573 3312 opor-

246 3323 353 3387 tuisse.
398 3322 519 3386 Deinde
549 3338 620 3384 cum
652 3319 715 3382 boc
747 3319 933 3393 fecerimus,
973 3317 1194 3382 distributione
1227 3319 1272 3381 uti
1308 3320 1472 3386 debemus.
1527 3327 1613 3388 Esse

246 3415 394 3482 dividitur
415 3419 449 3480 in
470 3417 548 3480 duas
581 3420 708 3500 partes,
744 3413 1015 3494 enumerationem
1044 3419 1076 3476 et
1102 3414 1345 3502 expositionem.
1401 3418 1573 3484 Enumera-

245 3512 332 3576 tione
359 3519 507 3586 utemur,
542 3529 614 3574 cum
643 3510 782 3572 dicemus
811 3525 964 3582 numero,
1000 3513 1078 3593 quot
1106 3508 1146 3572 de
1176 3511 1273 3573 rebus
1304 3510 1417 3575 dicturi
1451 3530 1569 3578 sumus.

244 3609 322 3671 Eam
354 3607 424 3691 plus
454 3625 548 3691 quam
578 3605 673 3668 trium
702 3604 837 3689 partium
867 3622 1001 3666 numero
1032 3622 1101 3666 esse
1131 3621 1197 3667 uon
1229 3610 1365 3688 oportet.
1429 3607 1508 3672 Nam
1540 3615 1573 3671 et

313 3817 340 3866 3.
359 3829 392 3866 ne
413 3819 476 3881 quid
491 3813 567 3880 noue]
587 3821 707 3876 suspecta
727 3815 793 3866 brec
811 3813 998 3877 Oudendorpto
1017 3820 1097 3876 mque
1117 3813 1238 3864 Ernestto
1255 3827 1308 3865 orn.
1326 3813 1401 3866 ΛΒΤ.
1427 3839 1462 3852 -
1484 3816 1512 3866 t.
1533 3829 1572 3868 se·

246 3901 355 3951 quemur
372 3888 455 3948 ΒΑΕ,
478 3900 664 3952 persequemur
682 3887 722 3946 li,
747 3887 863 3951 sequitur
882 3885 915 3945 F,
934 3899 1074 3950 sequamur
1092 3885 1148 3935 ΒΤ.
1170 3910 1201 3922 ·-
1231 3887 1257 3936 5.
1278 3884 1383 3939 breuior
1407 3894 1445 3937 est
1463 3887 1517 3938 aa.
1539 3914 1568 3924 -

247 3971 276 4008 eo
306 3971 358 4008 orn.
385 3957 435 4008 PF.
471 3984 505 3993 —
544 3958 569 4008 3.
601 3959 697 4022 referri
727 3955 759 4007 de
790 3959 942 4007 contectura
972 3955 1092 4007 Meminit
1124 3963 1150 4006 et
1180 3955 1272 4007 Aurstl
1302 3955 1333 4006 l..
1365 3955 1427 4007 Seli.
1458 3983 1486 3996 -
1526 3959 1568 4008 la.

246 4041 299 4078 nan
316 4033 401 4091 potest
419 4030 505 4092 {acere
523 4027 648 4079 PABFT:
677 4026 762 4090 faeere
780 4041 834 4077 non
850 4034 938 4088 potest
955 4027 1013 4076 ΒΕ.
1035 4051 1063 4064 -
1084 4025 1145 4092 erit]
1165 4040 1218 4078 om.
1246 4027 1297 4076 tiri.
1320 4028 1395 4088 prob.
1417 4027 1507 4086 0ud.;
1528 4042 1571 4080 er-

247 4103 337 4160 punrlt
357 4099 440 4158 Scir..
460 4107 538 4151 erunt
554 4099 652 4150 Paua.
673 4095 726 4160 (sin
742 4110 803 4148 uero
822 4099 872 4147 erit
889 4099 951 4162 fieta
968 4095 1013 4158 T.)
1033 4122 1064 4134 -
1092 4098 1135 4147 1³.
1155 4099 1196 4148 ftis
1212 4097 1340 4156 PABTT,
1361 4097 1392 4148 L.
1414 4123 1444 4136 -
1473 4100 1571 4166 confin-

246 4171 360 4232 gentium
378 4169 463 4221 aar:
484 4171 678 4238 confligendum
697 4169 776 4228 PFR,
801 4169 1011 4234 condirgendum
1028 4169 1061 4218 A.
1099 4169 1129 4218 ln
1148 4169 1172 4220 Β
1191 4169 1250 4219 tect.
1270 4170 1503 4235 confingentium
1528 4184 1568 4233 pr.

246 4253 326 4290 manu
357 4241 520 4303 adscriptum
546 4251 586 4294 est
611 4241 651 4291 oet
676 4238 902 4305 confringendam.
924 4266 953 4277 -
986 4239 1030 4289 tt.
1056 4241 1161 4290 tabutas
1179 4239 1212 4290 ab
1230 4241 1385 4291 aduersario
1405 4248 1452 4292 aut
1475 4241 1507 4290 Τ.
1536 4267 1567 4290 -,-

246 4309 289 4360 lb.
310 4325 377 4376 quae
394 4313 510 4363 Dotem:
530 4315 596 4378 quia
613 4310 780 4362 ΡΑΒΒΒΤΕ.
795 4336 826 4348 -
844 4324 893 4360 nos
911 4323 964 4360 om.
984 4310 1114 4369 PAFRT;
1134 4313 1257 4373 quoctrca
1276 4312 1441 4363 seclusimus.
1459 4337 1493 4348 -
1524 4312 1567 4364 30.

247 4383 389 4447 artificium
408 4383 506 4434 PAFT.
522 4409 553 4420 -
571 4385 615 4433 ar.
634 4382 784 4432 industriae
801 4382 876 4431 PFT.
898 4381 992 4433 Graes.
1008 4407 1038 4419 -
1059 4383 1103 4432 33.
1123 4383 1250 4433 diuisione
1262 4395 1404 4434 causarum
1415 4383 1568 4434 PABTRTs

246 4463 387 4503 causarum
404 4453 531 4506 divisione
550 4455 581 4504 E.
601 4478 636 4490 -
654 4451 698 4502 33.
723 4452 841 4501 Primum
859 4453 990 4505 ΡΒΒΒΤι
1009 4452 1127 4504 Primam
1145 4455 1215 4502 enim
1233 4453 1289 4503 ΑΒ.
1310 4479 1341 4490 -
1358 4461 1487 4516 perorata
1505 4468 1570 4505 nar·

246 4523 360 4584 ratione]
378 4537 426 4588 per
445 4527 628 4575 narrationem
646 4524 684 4580 P,
701 4534 750 4584 per
767 4525 924 4573 narratione
943 4538 984 4586 pr.
1004 4522 1046 4584 A,
1064 4532 1124 4587 post
1142 4525 1330 4576 narrationem
1347 4527 1412 4586 ΤΒ,
1429 4533 1489 4589 post
1503 4523 1566 4586 (orn.

247 4587 445 4650 uenationem)
464 4597 496 4645 T.
517 4593 561 4658 (tlt
579 4609 646 4652 nos,
666 4605 734 4643 corr.
754 4594 774 4642 A
796 4600 822 4643 et
839 4607 889 4657 mg.
911 4593 955 4659 T.)
984 4619 1015 4631 -
1046 4595 1089 4644 33.
1110 4595 1289 4654 adversariis,
1309 4598 1373 4660 quia
1391 4595 1471 4660 (cana
1489 4593 1522 4660 Β)
1539 4599 1570 4648 tn

247 4665 431 4714 controuersiis
448 4669 500 4721 sis.
529 4670 552 4716 si
569 4681 600 4717 ea
619 4667 929 4728 quae-neonemque.
950 4667 997 4716 troc
1014 4667 1092 4715 noae
1111 4665 1156 4716 ΒΤ
1175 4674 1202 4715 et
1219 4663 1326 4730 (omisso
1344 4666 1390 4732 sit)
1407 4667 1437 4717 P.
1459 4693 1490 4704 -
1522 4668 1566 4718 25.

246 4733 324 4784 utilia
342 4735 417 4784 nobis
435 4745 511 4786 erum
529 4737 660 4787 assur:
689 4733 765 4784 notis
782 4735 863 4785 utilia
882 4743 958 4784 erunt
979 4737 1017 4794 ll,
1044 4738 1124 4787 utilia
1140 4741 1202 4785 sunt
1223 4739 1300 4788 nobis
1328 4739 1358 4788 Β.
1388 4763 1415 4776 -
1449 4739 1512 4802 quid
1538 4741 1569 4788 in

246 4807 430 4856 controuersiis
447 4808 613 4870 relinquatur
630 4809 669 4862 A,
701 4807 766 4869 quid
787 4806 817 4853 in
834 4809 969 4856 trauersiis
986 4807 1153 4870 relinquatur
1172 4808 1209 4865 Β,
1240 4808 1304 4870 quid
1326 4811 1356 4859 in
1380 4811 1568 4860 controversiis

245 4875 367 4926 relietum
384 4877 419 4927 sis
437 4878 468 4927 Β.
490 4903 520 4915 ·-
541 4879 585 4928 bt.
604 4878 638 4928 ab
658 4877 746 4926 Oreste
763 4879 876 4925 manem
892 4877 1045 4934 esurus.
1065 4877 1104 4927 L:
1124 4883 1235 4927 matrem
1253 4880 1286 4930 ab
1306 4879 1396 4930 Oreste
1414 4881 1443 4930 s.
1464 4904 1496 4915 -
1521 4880 1565 4931 37.

245 4946 304 4996 turs
322 4945 417 4996 abab.
440 4973 469 4986 -
489 4947 533 4999 33.
553 4963 641 4999 samus
659 4946 787 4997 Purus:
814 4947 894 4996 simus
912 4948 933 4997 E
953 4950 1043 5006 conl,
1073 4959 1125 4997 om.
1145 4947 1177 4998 A.
1197 4969 1232 4984 ¹-
1262 4950 1305 5001 33.
1325 4964 1434 5002 numero
1450 4963 1505 5000 non
1523 4963 1564 5010 pr.

246 5015 309 5075 Pa,
336 5029 445 5070 numera
467 5021 510 5071 uti
530 5032 586 5070 non
610 5019 674 5070 Fet
700 5031 768 5068 corr.
797 5016 856 5068 ead.
877 5031 913 5070 m.
931 5019 971 5081 P,
1001 5031 1110 5070 numero
1128 5020 1259 5071 contineri
1275 5035 1329 5072 non
1355 5034 1421 5074 corr.
1440 5021 1481 5082 A,
1512 5032 1567 5073 ssss

245 5099 356 5140 numero
373 5100 429 5140 non
445 5089 478 5142 Β.
551 5133 556 5144 .

1714 3397 1735 3443 st

1701 3457 1729 3504 A?
