3746 5850
249 436 253 448 ’
346 409 410 478 464
935 412 1082 477 Torius

342 589 477 658 sequare
498 573 559 642 hoc
583 567 699 636 modos
737 567 773 636 si
793 568 885 642 dolus
906 570 1006 638 malus
1028 577 1090 648 est,
1120 591 1191 638 cum
1213 567 1299 638 aliud
1322 571 1445 656 agitur,
1468 571 1553 642 uliud
1573 575 1670 641 simu-

342 667 438 740 latur,
460 684 646 732 enumerare
667 663 762 741 licet,
792 665 907 751 quibus
928 665 961 732 id
982 667 1085 734 modis
1105 666 1178 745 liat;
1212 667 1325 732 deiude
1347 668 1379 732 in
1400 687 1512 736 corum
1533 667 1669 756 aliquem

341 759 392 838 id,
414 763 499 846 quod
521 780 634 844 arguas
655 757 729 826 dolo
752 761 834 824 malo
867 758 1001 837 iactum,
1031 759 1192 827 includere
1199 781 1209 840 ;
1245 762 1331 847 quod
1363 781 1462 845 genus
1494 763 1670 848 argumenti

341 854 495 939 imprimis
516 852 640 920 firmum
661 851 762 918 videri
787 852 878 920 solet.

320 972 334 1014 s
425 953 467 1016 X.
492 951 545 1014 tt.
569 947 748 1014 Similitudo
770 952 933 1037 sequitur,
959 968 1040 1035 quae
1062 951 1124 1016 late
1146 956 1244 1035 patet,
1267 951 1324 1016 sed
1346 953 1525 1021 oratoribus
1547 962 1579 1019 et
1599 955 1669 1040 plri-

341 1043 483 1129 losophis
504 1043 603 1128 magis
624 1064 720 1129 quam
742 1047 841 1114 vobis.
884 1043 952 1112 Etsi
973 1043 1058 1110 euim
1079 1062 1189 1109 omnes
1211 1041 1273 1110 loci
1295 1054 1367 1112 suut
1397 1049 1539 1114 omnium
1561 1046 1669 1132 dispu-

341 1142 494 1206 tationum
516 1137 555 1205 ad
576 1145 760 1223 argumenta
780 1141 1026 1224 suppeditanda,
1063 1146 1167 1205 tameo
1193 1137 1263 1204 aliis
1284 1136 1548 1226 disputationibus
1569 1139 1669 1210 abun

340 1233 465 1302 dantius
492 1240 677 1310 occurrunt,
708 1232 778 1300 aliis
805 1237 977 1320 augustius.
1025 1236 1133 1321 ltaque
1161 1251 1277 1318 genera
1306 1234 1362 1298 tibi
1395 1244 1469 1302 nota
1500 1235 1578 1316 siut3
1612 1233 1667 1302 ubi

338 1338 444 1411 autem
465 1329 504 1397 iis
525 1338 633 1407 utare,
657 1330 858 1415 quaestiones
879 1328 969 1416 ipsae
990 1336 1021 1396 te
1043 1331 1267 1396 admonebunt.
1313 1329 1364 1398 te.
1386 1331 1466 1397 Sunt
1483 1333 1566 1398 enim
1581 1330 1668 1398 simi·

302 1423 505 1502 solitudines,
543 1445 624 1511 quae
654 1445 696 1489 ex
724 1423 867 1510 pluribus
896 1421 1115 1492 collationibus
1143 1423 1331 1509 perveniunt
1360 1444 1425 1509 qno
1446 1425 1572 1501 volunt,
1604 1427 1667 1492 hoc

339 1523 455 1588 modo:
491 1517 524 1584 si
546 1526 632 1585 tutor
651 1516 745 1584 fidem
766 1526 926 1605 praestare
947 1517 1059 1596 debet,
1088 1518 1115 1584 si
1136 1518 1256 1593 socius,
1279 1515 1323 1594 si,
1347 1519 1398 1584 cui
1421 1519 1596 1599 mandaris,
1620 1521 1665 1596 si,

340 1617 395 1702 qui
417 1613 562 1680 fiduciam
584 1611 756 1696 acceperit,
790 1611 885 1679 debet
906 1612 1000 1679 ctiam
1021 1619 1215 1700 procurator.
1233 1616 1248 1696 (
1258 1597 1406 1678 Haecler
1429 1613 1573 1701 pluribus
1593 1636 1667 1700 per·

338 1709 469 1777 ueniens
483 1729 547 1798 quo
561 1705 642 1783 uult,
664 1706 841 1794 appellatur
860 1706 1019 1784 inductio,
1041 1728 1122 1794 quae
1145 1711 1266 1774 Graece
1291 1710 1443 1793 ἐπαγωγή
1465 1701 1663 1814 nominatur}

339 1825 401 1892 qua
422 1806 593 1892 plurimum
615 1808 664 1868 est
683 1822 759 1868 usus
781 1803 815 1866 iu
840 1801 1038 1870 sermonibus
1066 1785 1221 1868 socrates.
1265 1801 1317 1866 43.
1351 1805 1494 1870 Alterum
1523 1805 1667 1874 similitu·

302 1897 424 1966 rodinis
446 1919 544 1984 genus
566 1895 733 1963 collatione
754 1897 907 1976 sumitur,
931 1917 1003 1964 cum
1024 1893 1250 1971 usercenci,
1277 1915 1335 1979 par
1355 1900 1425 1983 pari
1446 1908 1662 1987 comparatur,

339 1997 402 2062 hoc
422 1991 538 2060 modo:
563 1991 851 2071 Quemadmodum,
874 1995 902 2062 si
915 1996 949 2060 in
969 1991 1048 2062 urbe
1071 1991 1110 2060 de
1131 1990 1246 2059 linibus
1268 1997 1482 2062 controuersia
1505 2004 1568 2072 est,
1591 1994 1665 2082 quia

338 2089 419 2155 lines
441 2085 540 2173 magis
562 2107 711 2172 agrorum
733 2089 881 2154 videntur
903 2108 973 2156 esse
995 2108 1090 2174 quam
1112 2084 1219 2162 urbis,
1242 2082 1356 2152 finibus
1370 2088 1519 2173 regundis
1534 2090 1664 2175 adigere

323 2181 492 2252 -arbitrum
520 2204 585 2250 uon
611 2182 732 2269 possis,
766 2181 829 2258 sic,
862 2184 890 2246 si
911 2203 992 2269 aqua
1013 2181 1119 2269 pluvia
1138 2180 1172 2246 in
1192 2177 1273 2248 urbe
1300 2190 1409 2259 nocet,
1441 2185 1592 2271 quoniam
1612 2204 1664 2252 res

339 2285 405 2345 totu
436 2277 536 2364 magis
565 2297 714 2362 agrorum
747 2284 810 2354 est,
843 2297 944 2364 aquae
973 2277 1097 2364 pluviae
1125 2276 1282 2342 arcendae
1311 2274 1439 2362 adigere
1469 2299 1534 2346 non
1562 2280 1664 2366 possis
1699 2357 1706 2372 ·

302 2374 506 2440 acerbitrum.
550 2375 603 2438 tt.
633 2373 685 2438 Ex
711 2369 824 2439 eodem
853 2371 1063 2438 similitudinis
1089 2371 1161 2438 loco
1191 2369 1284 2436 etiam
1310 2371 1457 2459 exempla
1477 2382 1661 2452 sumuntur,

339 2479 374 2536 ut
396 2470 525 2536 Crassus
545 2465 579 2534 in
600 2487 693 2532 causa
714 2466 848 2532 Curiana
870 2466 1025 2551 exemplis
1046 2465 1188 2554 plurimis
1209 2487 1285 2532 usus
1306 2477 1368 2543 est,
1399 2469 1455 2554 qni
1477 2477 1662 2536 testamento

338 2565 385 2632 sic
406 2563 540 2630 heredes
561 2559 712 2635 instituti,
733 2563 760 2626 si
782 2559 865 2628 lilius
886 2572 977 2628 nutus
999 2569 1083 2628 esset
1102 2563 1136 2627 iu
1150 2565 1258 2629 decem
1275 2561 1452 2642 mensibus,
1474 2564 1564 2653 isque
1579 2584 1664 2630 mor·

338 2671 410 2728 tuus
432 2662 537 2746 prius,
570 2675 664 2744 quam
691 2654 726 2722 in
752 2675 841 2720 suam
870 2654 999 2722 tutelam
1029 2655 1181 2736 venisset,
1213 2659 1419 2724 hereditatem
1441 2658 1659 2728 obtinuissent.

340 2758 428 2835 Quae
449 2750 705 2819 commemoratio
727 2752 945 2836 exemplorum
966 2750 1082 2828 ualuit,
1115 2771 1215 2840 eaque
1236 2773 1294 2819 vos
1315 2755 1348 2820 iu
1371 2755 1589 2842 respondendo
1615 2753 1663 2822 uti

301 2867 330 2915 ss
339 2850 471 2918 multum
492 2846 611 2915 soletis.
655 2848 707 2912 45.
730 2847 815 2911 Ficta
837 2844 932 2911 etiam
953 2845 1099 2931 exempla
1120 2847 1332 2916 similitudinis
1354 2851 1472 2916 habeut
1493 2853 1577 2930 vim3
1605 2851 1661 2917 sed

339 2967 376 3016 ea
401 2942 540 3012 oratoria
560 2941 659 3028 magis
680 2947 752 3007 sunt
779 2959 872 3027 quam
902 2949 1024 3020 vestra3
1058 2961 1246 3026 quemquam
1267 2941 1313 3008 uti
1336 2944 1429 3008 etiam
1450 2963 1509 3010 ros
1530 2946 1658 3020 soletis,

338 3044 395 3110 sed
415 3043 477 3110 hoc
499 3037 612 3106 modo:
636 3037 732 3121 Finge
752 3037 910 3121 mancipio
931 3038 1067 3122 aliquem
1087 3033 1212 3104 dedisse
1232 3035 1283 3114 id,
1307 3041 1391 3124 qnod
1413 3041 1569 3124 mancipio
1591 3039 1660 3105 dari

336 3156 402 3203 non
423 3140 539 3222 potest.
583 3135 662 3198 Num
684 3131 804 3196 idcirco
825 3132 858 3194 id
880 3129 949 3196 eius
969 3127 1085 3196 lactum
1108 3137 1171 3208 est,
1195 3132 1249 3218 qui
1270 3134 1411 3218 occepit?
1447 3141 1501 3199 aut
1521 3155 1597 3200 num
1618 3133 1658 3212 is,

250 3225 253 3231 ’
336 3228 392 3318 qui
414 3226 569 3314 mancipio
593 3227 696 3300 dedit,
730 3225 772 3290 ob
802 3244 871 3292 eam
899 3246 967 3290 rem
994 3247 1028 3291 se
1050 3223 1114 3292 ulla
1134 3245 1171 3292 re
1194 3224 1366 3311 obligavit?
1400 3230 1437 3294 ln
1459 3230 1520 3295 hoc
1542 3247 1660 3314 genere

298 3319 514 3392 muratoribus
536 3329 568 3386 et
589 3318 784 3407 philosophis
813 3339 998 3386 concessum
1024 3327 1090 3397 est,
1122 3329 1157 3386 ut
1177 3327 1265 3386 muta
1290 3322 1386 3388 etiam
1407 3321 1593 3408 loquantur,
1624 3329 1661 3388 ut

335 3416 454 3486 mortui
472 3419 511 3485 ab
529 3414 638 3483 inieris
654 3413 849 3492 excitentur,
884 3423 919 3482 ut
946 3411 1087 3502 aliquidl
1111 3416 1198 3501 quod
1224 3411 1294 3481 lieri
1316 3415 1518 3482 nullomodo
1541 3414 1657 3504 possit,

146 3505 209 3620 »l
323 3508 807 3674 littlttl‘tilttt
825 3529 875 3671 :t
896 3509 1206 3690 illidaris-,⁸⁰
1225 3506 1548 3673 tzttildttl
1561 3513 1660 3672 tlt

575 3652 584 3672 ·
1178 3651 1187 3667 ·
1646 3651 1657 3683 s

335 3707 458 3770 utente
478 3701 558 3778 dixi,
581 3707 613 3766 ct
630 3699 774 3768 maximis
795 3708 828 3766 et
842 3699 978 3768 minimis
997 3701 1030 3766 in
1044 3698 1280 3785 quaestionibus
1293 3710 1478 3788 argumenta
1492 3700 1658 3770 ducuntur.

299 3814 328 3862 as
419 3798 478 3864 XI.
501 3799 552 3862 46.
585 3797 734 3884 Sequitur
762 3794 996 3864 similitudinem
1030 3793 1207 3861 dillerentia
1235 3797 1298 3873 rei,
1337 3795 1473 3862 maxime
1501 3795 1659 3862 contraria

334 3891 509 3979 superiori3
533 3893 589 3958 sed
606 3899 655 3956 est
669 3893 810 3958 eiusdem
827 3889 977 3957 dissimile
994 3895 1027 3954 et
1041 3888 1142 3955 simile
1157 3890 1310 3958 iuvenire.
1351 3892 1427 3958 Eius
1439 3889 1564 3976 generis
1579 3891 1659 3956 haec

336 3996 422 4054 suut:
445 3990 531 4062 Non,
554 3983 818 4073 quemadmodum
841 3987 926 4072 quod
950 3983 1074 4049 mulieri
1092 3981 1228 4062 debeas,
1251 3990 1335 4050 reete
1357 3985 1418 4072 ipsi
1439 3983 1564 4050 mulieri
1588 3983 1656 4048 sine

334 4088 441 4146 tutore
468 4087 599 4146 auctore
626 4078 745 4157 solvas,
777 4081 872 4156 item,
909 4083 994 4166 quod
1017 4078 1137 4165 pupillo
1165 4089 1219 4146 aut
1241 4078 1378 4166 pupillae
1406 4077 1539 4158 debeas,
1572 4087 1657 4145 recte

405 4247 432 4297 o.
450 4246 484 4296 tis
502 4245 561 4297 ad:
580 4244 621 4293 bis
639 4243 660 4294 ll
679 4256 739 4294 cum
758 4249 820 4295 cett.
842 4268 871 4282 -
896 4244 941 4294 21.
960 4256 1042 4295 causo
1060 4243 1181 4294 Cumano
1198 4243 1313 4306 abcdl,
1333 4244 1421 4299 Valla.
1442 4243 1507 4294 BV:
1537 4245 1657 4297 Cumano

335 4330 421 4369 cosso
439 4314 490 4368 all.
521 4339 553 4352 -··
583 4326 646 4365 orus
663 4321 704 4377 st,
735 4327 816 4380 ocem
834 4314 866 4364 de
884 4326 931 4371 so,
958 4317 1004 4380 qui
1022 4320 1175 4366 testamento
1192 4316 1229 4366 stc
1245 4314 1365 4366 baram
1385 4316 1556 4375 (medatem,
1586 4321 1617 4366 ut
1633 4317 1658 4366 ai

333 4389 404 4456 filios
420 4411 431 4425 ·
448 4409 459 4422 ·
475 4387 601 4444 emutat,
619 4385 746 4436 secundus
764 4386 835 4436 barm
853 4385 1020 4438 lentiorem
1037 4385 1166 4436 obtinent
1184 4385 1216 4436 E.
1240 4387 1339 4437 Locum
1357 4388 1452 4438 misere
1470 4385 1657 4448 interpolatum

336 4460 518 4512 comtttutmus
546 4470 577 4510 ex
605 4455 689 4508 Codd.
715 4457 830 4514 nostris,
857 4455 985 4518 Boethio,
1013 4456 1096 4507 Velia.
1134 4456 1265 4508 Videlicet
1288 4457 1366 4521 gloss.
1388 4469 1470 4520 oqsns
1487 4458 1518 4508 ds
1535 4471 1565 4508 so
1582 4457 1657 4508 abest

334 4531 370 4582 ab
387 4529 513 4583 ubeda,
533 4527 566 4588 B,
579 4526 619 4589 U,
637 4526 728 4586 vatin
749 4527 848 4578 habent
860 4526 964 4578 Oroun.
985 4527 1056 4586 duo,
1074 4527 1097 4589 i,
1117 4526 1163 4577 BV
1181 4528 1237 4584 (sed
1254 4529 1319 4579 haec
1332 4527 1384 4578 Ed.
1397 4533 1425 4579 et
1442 4527 1569 4593 iciam:
1587 4527 1657 4577 bere·

334 4601 380 4653 dra
406 4614 454 4665 pro
479 4598 597 4650 ieram
624 4597 750 4660 praebent
775 4598 877 4660 abce,
904 4597 957 4658 B.;
988 4605 1019 4649 ot
1037 4605 1099 4648 ante
1117 4599 1141 4648 ss·
1158 4597 1243 4648 deleri
1262 4613 1293 4650 er
1319 4601 1407 4657 cont:
1439 4598 1550 4650 alterum
1574 4598 1654 4661 gloss.

333 4672 463 4722 amodes
474 4671 547 4721 lares
558 4670 633 4722 abest
644 4668 678 4720 ab
690 4666 816 4727 abedo,
836 4670 867 4728 il,
877 4668 949 4740 ¹³⁸0·
970 4669 1059 4728 vultu
1080 4667 1179 4720 nabent
1197 4668 1260 4732 ῐψ,
1280 4669 1354 4730 BV.;
1373 4669 1545 4721 obtinuissent
1557 4670 1657 4722 hubent

335 4741 412 4804 scd,
434 4742 589 4793 obtinuisset
608 4737 682 4801 bic,
702 4740 806 4790 Oronn.
825 4746 969 4802 questuor,
994 4740 1062 4790 Edd.
1082 4746 1145 4790 ante
1162 4739 1332 4798 Manutlum,
1357 4742 1403 4804 qul
1422 4741 1497 4793 dedit
1516 4741 1655 4792 obtineret.

335 4807 721 4876 2-31.etottqotuanca,
745 4807 1286 4874 mommorenciacensem·
1320 4809 1599 4867 demolienda
1631 4815 1656 4862 et

332 4880 505 4941 mettabel,
526 4883 630 4935 Oronn·
649 4889 722 4942 tres,
742 4881 774 4932 ll.
795 4878 892 4943 (multo
910 4877 1044 4944 aticmd.)
1073 4907 1103 4918 -
1134 4877 1179 4932 33.
1197 4881 1257 4932 olto
1273 4880 1408 4934 odrobdio
1426 4882 1549 4944 obedi,
1569 4881 1652 4942 Valla,

334 4953 398 5006 uva
416 4953 551 5006 mirobttto
567 4953 626 5004 ulto
642 4953 695 5005 aii.
709 4977 743 4990 -
761 4951 805 5003 at.
825 4952 1323 5016 amicorumainicorum
1339 4953 1432 5006 Valles
1450 4955 1655 5006 &fimbris

333 5023 604 5078 aamercort.
633 5050 664 5062 -
689 5023 732 5074 ³8·
752 5023 956 5083 dtemabedc,
986 5023 1031 5074 Gr.
1050 5023 1108 5093 130,
1141 5022 1233 5074 Valle:
1262 5023 1370 5076 ucis.
1402 5049 1432 5064 -
1463 5024 1654 5089 quodnups'llo

335 5100 385 5151 out
400 5094 519 5160 μυρίκας
537 5093 654 5157 obedi,
671 5094 765 5157 Valla,
784 5093 849 5146 BV:
868 5093 940 5160 qood
957 5101 1007 5146 out
1021 5093 1142 5158 neptuno
1159 5100 1208 5145 not
1221 5093 1325 5160 pertun
1344 5107 1404 5148 cum
1420 5093 1491 5147 stuc
1508 5095 1540 5149 it.
