3720 5840
281 429 345 484 viii

363 577 405 645 iu
428 573 648 646 oratoriis
668 572 993 648 Partitionibus
1016 579 1124 648 tribua
1144 573 1325 652 codicibus
1344 581 1398 650 uai
1419 557 1551 650 sumus:

364 689 399 758 Y
419 709 461 746 =
482 689 664 778 Excerpiis
685 690 911 780 Gryphiauia,
932 698 970 762 ut
991 697 1026 761 in
1048 693 1193 782 Topicis.

365 804 399 871 lt
418 824 460 860 =
481 809 534 872 est
555 804 637 873 cod.
658 804 937 896 Reudigerianua.

365 918 398 986 V
418 937 460 974 =
481 916 563 988 God.
583 919 849 1011 Viteborgenoia
880 913 934 1004 [B
963 939 1005 977 =
1026 921 1248 1014 Firlaugousis
1268 913 1449 1006 Emeum.)

366 1035 407 1100 in
428 1035 540 1102 iiieiio
563 1031 612 1100 du
633 1035 787 1120 optino
809 1053 970 1124 gauere
992 1039 1203 1104 oratorum
1226 1043 1363 1123 praesto
1385 1040 1477 1104 urai:

365 1165 448 1214 a:
470 1145 552 1214 eod.
581 1143 817 1236 sangallensis
846 1148 887 1216 N.
909 1147 1000 1218 818.
1035 1145 1113 1220 Sco.
1134 1149 1196 1218 XI.
1219 1153 1379 1239 optimus,
1414 1149 1517 1237 idem,
1550 1152 1604 1238 qui

282 1263 316 1328 ia
337 1259 473 1346 'l'opicis
493 1261 590 1328 nobis
610 1265 664 1328 eat
685 1260 716 1328 d.

365 1372 398 1443 U
418 1393 460 1430 =
481 1371 563 1443 cod.
585 1370 799 1444 oxoniensis.

367 1509 391 1554 v
412 1507 453 1543 τ·-
474 1488 556 1556 Cod.
579 1488 845 1577 viceburgensis.

365 1599 520 1672 Ceterum
549 1603 582 1669 in
610 1605 718 1670 altera
747 1603 811 1672 hac
840 1599 1005 1688 editione,
1038 1621 1125 1690 quae
1152 1607 1266 1672 certus
1293 1607 1434 1692 propiet
1454 1607 1605 1674 rationes

286 1719 370 1785 citra
393 1719 513 1801 prioris
534 1716 697 1782 modulum
719 1719 903 1784 subsistere
926 1717 1089 1806 debebat,
1112 1720 1262 1802 quamvia
1285 1723 1336 1785 tot
1350 1738 1440 1786 uuva
1455 1720 1604 1787 subsidia

285 1832 362 1898 iude
376 1833 419 1899 ab
434 1830 486 1896 his
500 1832 623 1922 uiginti
639 1833 773 1900 circiter
786 1833 884 1898 aunis
897 1830 987 1899 nacti
1004 1850 1174 1916 muamus,
1194 1831 1238 1898 ad
1253 1834 1395 1919 spatium
1410 1831 1603 1900 lucrandum

285 1947 441 2032 inprimis
464 1949 538 2013 erut
560 1945 744 2012 omittenda
768 1963 809 2012 aa
829 1943 1010 2012 editionum
1031 1947 1199 2032 varietus,
1223 1965 1309 2033 quae
1330 1945 1373 2012 ad
1398 1945 1606 2013 emendanda

284 2054 457 2128 Ciceronis
477 2061 583 2127 verbu
610 2061 673 2126 iam
705 2059 786 2125 nihii
813 2058 968 2126 conferre
991 2058 1165 2128 videretur
1179 2076 1232 2126 ,uo
1259 2059 1401 2128 -iootoria
1432 2059 1606 2127 dumtaxat

285 2175 509 2242 curiositatem
531 2179 703 2261 pasceret,
723 2175 819 2238 immo
839 2171 1003 2238 interdum
1027 2173 1126 2240 eiiam
1147 2171 1319 2263 fatigaret.
1362 2170 1546 2256 Quocirca,
1567 2175 1605 2238 ut

286 2287 351 2356 huo
388 2307 486 2354 uuum
522 2288 706 2374 exemplum
741 2287 938 2368 afferamus,
973 2304 1068 2351 nemo
1099 2288 1133 2351 iu
1165 2286 1229 2354 huo
1258 2287 1407 2374 requirat
1439 2287 1605 2377 integrum

285 2403 461 2468 lectionem
492 2401 739 2468 Lambiniauuuu
770 2402 847 2468 anui
876 2400 927 2468 M.
948 2400 989 2466 li.
1009 2397 1133 2467 LXVI.
1154 2419 1263 2488 noque
1283 2397 1520 2468 Sohutaianam
1542 2417 1605 2466 nec

285 2519 337 2582 tot
351 2517 490 2582 aliorum
511 2516 666 2582 librorum
682 2514 906 2581 Tuiiiuuorum
922 2531 1070 2580 aeouaum
1085 2512 1264 2598 editorum,
1286 2515 1320 2579 in
1335 2532 1400 2600 qua
1414 2512 1606 2601 colligenda

286 2631 476 2696 oiubururut
499 2625 661 2716 Oreiiius,
684 2630 769 2695 omni
793 2632 872 2695 iuno
893 2627 1046 2694 adiutore
1068 2627 1258 2695 deatitutua.
1299 2626 1441 2711 ludet,
1461 2635 1499 2692 ut
1514 2625 1606 2712 prior

287 2763 418 2830 quoquo
438 2761 520 2811 cura
543 2745 682 2828 pretium
703 2739 837 2829 aliquod
850 2743 1005 2824 retineat,
1027 2741 1090 2808 etsi
1108 2740 1191 2810 haec
1205 2743 1312 2807 altura
1327 2760 1348 2806 a
1363 2741 1474 2824 nubis,
1496 2738 1605 2826 quoad

287 2860 359 2926 eiua
379 2857 451 2924 fieri
472 2857 601 2946 potuit,
622 2875 695 2925 cum
716 2858 820 2922 totius
842 2855 1038 2942 disciplinae
1060 2872 1244 2943 progressu
1265 2852 1454 2941 adaequata
1474 2857 1538 2924 eat.
