3720 5840
710 439 786 504 LIB.
811 437 866 504 IV.
912 437 947 505 C.
973 440 1024 506 13.
1051 438 1100 506 tt.
1125 439 1176 504 15.
1569 443 1610 508 59

284 606 352 664 tum
373 599 544 665 venustatis
572 601 691 678 babet,
726 609 793 666 tum
822 602 982 686 gravitatIs
1011 606 1043 665 et
1064 599 1255 666 acrimoniae
1276 599 1458 688 plurimum.
1502 605 1610 682 Quare

284 697 409 762 videtur
431 717 500 762 esse
522 695 699 762 adhibenda
721 698 814 761 etad
837 701 1007 763 ornandam
1030 701 1122 763 etad
1146 701 1360 780 exsugendam
1382 700 1568 764 orationem.

371 793 542 857 Conversio
566 799 630 867 est,
653 813 712 875 per
734 811 827 878 quam
848 810 927 865 non,
950 799 1098 870 utente,
1124 791 1261 879 primum
1276 794 1608 876 repetimus-verbum,

286 889 343 953 sed
365 885 403 952 ad
425 894 617 972 postremum
641 888 839 952 continenter
858 889 1068 964 revertimur,
1091 890 1153 952 hoc
1176 891 1292 952 modo:
1329 889 1452 952 Poenos
1474 876 1609 972 populus

285 989 444 1050 Romanus
467 982 583 1045 iustitia
605 980 697 1058 vicit,
733 984 829 1047 armis
850 979 946 1056 vicit,
985 981 1174 1048 liberalitate
1198 981 1282 1048 vicit.
1328 985 1429 1046 Item:
1469 983 1518 1046 Ex
1545 1001 1634 1067 quos

285 1083 427 1161 tempore
461 1077 630 1141 concordia
658 1080 697 1142 de
727 1079 850 1146 civitate
876 1075 998 1142 sublata
1026 1084 1092 1154 est,
1130 1075 1258 1142 libertas
1285 1075 1406 1142 sublata
1429 1083 1494 1152 est,
1531 1074 1609 1141 fides

286 1169 407 1235 sublata
421 1176 487 1245 est,
511 1172 647 1236 amicitia
667 1172 789 1238 sublata
810 1184 877 1252 est,
903 1196 954 1239 res
975 1171 1102 1256 publiea
1116 1173 1310 1237 sublataest.
1356 1174 1453 1237 Item:
1479 1171 1513 1235 C.
1531 1173 1610 1236 Lae·

284 1267 345 1331 lius
366 1268 462 1330 homo
484 1286 583 1330 naurs
605 1274 692 1343 erat,
716 1267 899 1355 ingeniosus
921 1277 1002 1341 erat,
1026 1269 1137 1331 doetus
1161 1277 1249 1343 erat,
1280 1269 1373 1334 bonis
1395 1269 1470 1332 viris
1494 1273 1611 1331 111111-

286 1359 382 1425 diosis
397 1361 515 1424 amicus
538 1369 624 1426 erat:
649 1384 724 1448 ergo
747 1366 780 1437 iu
804 1368 928 1430 civitate
951 1365 1069 1450 primus
1093 1370 1170 1426 erat.
1216 1365 1314 1428 Item:
1339 1366 1417 1427 Nam
1434 1383 1505 1427 eum
1520 1363 1610 1438 istos,

285 1461 320 1518 nt
341 1456 505 1519 absolvant
525 1463 575 1531 te,
599 1476 710 1540 rogas,
733 1468 768 1522 ut
789 1463 948 1546 peierent,
971 1479 1081 1543 rogas:
1104 1464 1141 1522 ut
1154 1457 1418 1523 existimationem
1436 1455 1610 1542 negligant,
1622 1479 1650 1520 11

368 1646 452 1710 XIV.
486 1648 538 1708 20.
576 1645 761 1729 Complexio
791 1656 859 1726 est,
896 1669 977 1734 quae
1003 1658 1169 1734 utramque
1191 1649 1409 1733 complectitur
1432 1647 1612 1712 exornabo·

285 1759 378 1813 nem,
402 1749 433 1804 et
453 1741 535 1804 hanc
559 1747 592 1805 et
614 1761 708 1826 quam
729 1750 800 1808 ante
823 1744 1050 1828 exposuimus,
1075 1751 1110 1807 ut
1124 1751 1157 1807 et
1171 1750 1332 1826 repetatur
1346 1745 1430 1807 idem
1448 1736 1608 1825 [primum]

284 1835 416 1898 verbum
439 1837 565 1917 saepius
587 1842 620 1899 et
640 1839 753 1901 crebro
775 1840 814 1902 ad
835 1840 920 1902 idem
942 1845 1138 1921 postremum
1160 1847 1378 1913 revertamur,
1407 1839 1471 1902 boe
1492 1837 1608 1900 modo:

286 1929 348 2005 Qui
370 1939 457 2002 sunt,
491 1929 545 2014 qui
566 1927 696 1996 loedere
718 1953 812 2016 saepe
834 1937 1005 2016 ruperunt?
1027 1934 1316 2018 Karthaginienses.
1362 1933 1423 2010 Qui
1446 1937 1532 2004 sunt,
1556 1931 1647 2014 quies

285 2023 413 2088 crudele
445 2023 562 2090 bellum
595 2023 628 2089 iu
659 2026 745 2092 Italia
779 2033 961 2112 gesserunt?
997 2029 1285 2112 Karthaginienses.
1336 2028 1399 2104 Qui
1431 2034 1519 2100 sunt,
1557 2023 1612 2108 qui

284 2119 404 2184 Italiam
426 2119 706 2185 deformaverunt?
737 2123 1023 2207 Karthaquienses.
1069 2123 1131 2200 Qui
1159 2130 1247 2197 sunt,
1282 2123 1336 2207 qni
1364 2119 1425 2186 sihi
1452 2121 1612 2203 postulant

284 2213 430 2296 ignosci?
459 2215 744 2298 Karthaginienses.
788 2219 901 2283 Videte
924 2238 1020 2302 ergo,
1044 2239 1137 2305 quam
1161 2217 1329 2282 conveniat
1350 2237 1405 2282 eos
1426 2217 1608 2298 impetrare.

284 2310 385 2373 Item:
410 2310 512 2387 Quem
534 2318 659 2376 senatus
680 2310 853 2389 damnarit,
878 2333 972 2398 quem
993 2316 1129 2396 populus
1143 2315 1302 2377 Romanus
1317 2309 1491 2384 damnarit,
1516 2328 1609 2392 quem

285 2405 425 2468 omnium
448 2405 637 2471 existimatio
660 2404 835 2479 damnarit.
857 2429 931 2472 eum
954 2427 1010 2472 vos
1032 2408 1195 2472 sententiis
1216 2407 1328 2471 vestris
1350 2404 1544 2469 absolvetisl
1617 2424 1648 2468 so

368 2500 536 2566 Traduetio
560 2508 625 2576 est,
660 2503 858 2587 1111111111,
893 2504 962 2579 uti,
993 2525 1065 2568 eum
1085 2505 1171 2566 idem
1191 2504 1326 2566 verbum
1347 2497 1489 2564 crebrius
1511 2518 1611 2580 pona·

284 2601 357 2668 tur,
381 2614 447 2657 non
468 2592 562 2659 modo
584 2614 649 2659 non
671 2593 809 2659 offendat
830 2595 983 2669 animum,
1006 2595 1060 2662 sed
1076 2599 1169 2662 etiam
1185 2595 1420 2660 concinniorem
1434 2593 1610 2660 orationem

283 2686 412 2762 reddat,
436 2686 496 2754 hoc
518 2695 632 2772 pacto:
672 2690 733 2766 Qui
754 2688 833 2754 nihil
854 2694 948 2756 babet
968 2691 1001 2756 iu
1023 2693 1087 2755 vita
1106 2688 1274 2756 iucundius
1296 2689 1381 2764 vita,
1405 2690 1432 2752 is
1454 2709 1525 2753 eum
1547 2685 1610 2752 vir-

284 2789 350 2847 tute
379 2784 474 2847 vitam
502 2803 567 2848 non
592 2791 696 2866 potest
724 2785 839 2850 colere.
885 2788 981 2852 Item:
1022 2787 1100 2850 Eum
1122 2793 1157 2849 tu
1178 2783 1338 2849 homiuem
1361 2781 1517 2869 appellas,
1555 2782 1609 2867 qui

284 2878 441 2942 siluisset
467 2876 584 2956 homo,
620 2900 779 2966 nunquam
809 2887 871 2945 tam
901 2878 1068 2944 crudeliter
1100 2879 1236 2944 bominis
1263 2881 1359 2944 vitam
1382 2878 1538 2960 petisset?
1571 2881 1646 2940 dtas

285 2981 353 3038 erat
373 2971 529 3038 inimicus.
572 2977 656 3058 Ergo
678 2975 839 3040 inimicum
861 2978 906 3040 sle
926 2977 1037 3040 ulcisci
1059 2974 1177 3047 voluit,
1211 2981 1245 3037 ut
1272 2974 1339 3058 ipse
1366 2969 1427 3036 sibi
1456 2972 1609 3056 reperire-

284 3076 336 3132 tur
357 3069 526 3132 inimicust
569 3071 666 3134 Item:
701 3071 832 3135 Divitias
860 3073 927 3136 sine
955 3073 1086 3136 divitum
1115 3089 1207 3147 esse;
1242 3077 1278 3134 tu
1306 3070 1452 3133 vlrtutem
1481 3063 1609 3152 praeter
1704 3085 1708 3098 *

284 3163 410 3227 divitiis.
456 3166 535 3228 Nam
557 3165 583 3227 si
605 3163 692 3229 voles
716 3166 838 3230 divitias
860 3185 931 3232 cum
954 3169 1068 3231 virtute
1090 3184 1292 3247 comparare,
1315 3164 1370 3226 vix
1385 3162 1459 3226 satis
1473 3161 1607 3225 idoneae

284 3259 340 3322 tihi
362 3255 552 3340 videbuntur
574 3257 720 3333 divitiae,
757 3279 837 3345 quae
859 3263 983 3326 virtutis
1005 3263 1197 3346 pedisequae
1219 3260 1290 3324 sint.
1343 3260 1393 3322 21.
1424 3259 1473 3320 Ex
1495 3258 1607 3320 eodem

284 3373 399 3438 genere
423 3360 470 3418 est
492 3353 723 3429 exornationis,
740 3374 819 3417 oum
840 3352 923 3420 idem
947 3357 1078 3419 verbum
1101 3356 1228 3437 ponitur
1242 3355 1337 3418 modo
1361 3353 1393 3415 in
1407 3353 1486 3426 hac,
1511 3352 1607 3415 modo
1618 3367 1646 3408 11

283 3450 317 3513 in
339 3446 435 3512 altera
457 3469 514 3522 re,
552 3444 613 3511 boe
634 3451 748 3513 modo:
794 3449 856 3513 Cur
878 3470 946 3514 eam
969 3470 1036 3516 rem
1058 3459 1120 3514 tam
1144 3451 1283 3514 studiose
1305 3469 1414 3525 ouras,
1449 3465 1529 3531 quae
1551 3441 1608 3507 tibi

284 3543 396 3608 multas
418 3541 506 3605 dabit
527 3545 642 3604 curas‘l
677 3545 772 3607 Item:
808 3545 887 3608 Nam
914 3546 1012 3608 amari
1042 3543 1211 3609 iucundum
1238 3550 1301 3616 est,
1336 3544 1361 3607 si
1389 3550 1533 3615 curetur,
1566 3559 1608 3603 ue

285 3638 361 3724 quid
382 3636 457 3700 insit
479 3637 588 3699 amari.
634 3637 733 3701 Item:
765 3637 897 3702 Veniam
928 3641 967 3702 ad
996 3658 1070 3714 vos,
1104 3640 1130 3702 si
1151 3637 1229 3703 mibi
1252 3647 1377 3702 senatus
1399 3640 1452 3702 det
1473 3637 1607 3701 veniam.

284 3736 320 3797 Iu
340 3732 390 3795 his
411 3737 560 3816 quattuor
582 3731 746 3814 generibus
778 3735 1039 3808 exornatiouum,
1078 3752 1158 3819 quae
1188 3734 1290 3796 adhue
1318 3733 1500 3817 propositae
1522 3736 1606 3805 sunt,

285 3845 349 3891 non
377 3827 484 3908 inopia
512 3827 681 3890 verborum
708 3826 763 3903 fit,
798 3835 833 3892 ut
858 3826 898 3892 ad
926 3825 1010 3892 idem
1036 3831 1168 3891 verbum
1198 3828 1344 3890 redeatur
1370 3824 1517 3908 saepius:
1552 3827 1644 3894 sedas

283 3923 364 3986 inest
393 3918 566 3996 festivitas,
600 3941 680 4008 quae
710 3919 833 3987 facilius
865 3923 993 3986 auribus
1024 3920 1189 3986 diiudicari
1221 3941 1314 4007 qnam
1342 3923 1446 3985 verbis
1478 3923 1608 3984 demon-

283 4018 375 4084 strari
397 4023 512 4100 potest.
1197 4019 1199 4024 '

369 4113 437 4176 xv,
463 4112 628 4176 Contentio
650 4117 719 4187 est,
749 4132 820 4176 cum
833 4131 880 4178 ,ex
902 4113 1066 4177 contrariis
1087 4106 1192 4175 verbis
1214 4117 1269 4174 aut
1290 4105 1384 4174 rebus
1407 4110 1508 4174 oratio
1531 4130 1607 4173 con-

283 4205 408 4282 ficitur,
442 4204 503 4270 hoc
524 4215 638 4292 paeto:
677 4208 781 4272 Habet
801 4209 968 4272 assentatio
991 4203 1127 4271 iucunda
1156 4206 1330 4290 priucipia,
1365 4202 1475 4269 eadem
1504 4203 1607 4269 exitus

283 4303 495 4368 amarissimos
517 4300 620 4366 affert.
665 4303 765 4366 Item:
801 4303 936 4366 Inimieis
960 4309 989 4365 te
1011 4300 1218 4386 placabilem,
1248 4301 1357 4365 amicis
1379 4295 1644 4364 inexorabilomco

282 4399 428 4483 praebes.
472 4399 573 4461 Item:
610 4398 646 4461 In
670 4397 736 4462 otio
757 4395 973 4475 tumultuaris;
997 4394 1030 4460 iu
1053 4397 1186 4460 tumultu
1208 4414 1241 4459 es
1257 4395 1394 4482 otiosus.
1439 4394 1608 4458 11111111-

351 4617 378 4666 2.
398 4619 615 4680 :reponendam
633 4617 655 4665 Τ
675 4624 701 4669 11
721 4630 758 4667 11.
779 4619 890 4670 111111.
912 4617 964 4667 Cir.
987 4615 1014 4680 K·
1036 4617 1078 4668 31.
1095 4643 1128 4651 -
1146 4617 1172 4666 8.
1192 4629 1276 4666 nouus
1293 4615 1414 4665 ruens.
1436 4611 1485 4678 (lle
1505 4613 1526 4664 Α
1546 4617 1607 4668 stle-

282 4683 348 4751 tur.)
384 4687 613 4738 Correrlthamb.
635 4713 666 4724 -
695 4686 737 4738 13.
755 4690 873 4750 primum
892 4702 944 4739 orn.
961 4693 1041 4736 nostrl
1063 4701 1152 4737 omnes
1171 4693 1198 4738 et
1217 4689 1338 4748 plcrtouc
1356 4687 1411 4738 alll.
1447 4687 1607 4738 Nosseclu·

284 4757 742 4820 11111111.-11.111111111Τ.-
772 4758 1360 4824 1111111111κτι1111111111.
1383 4761 1463 4810 11.-
1492 4757 1607 4806 11111-

281 4843 378 4879 menus
395 4841 448 4878 om.
473 4828 547 4877 ΡΠ.
577 4855 607 4867 -
634 4831 678 4879 21.
698 4831 739 4879 etr·
757 4827 838 4877 PAR:
864 4836 893 4878 nt
912 4829 1012 4879 FIlTll·
1042 4852 1074 4864 -
1101 4829 1145 4878 21.
1165 4833 1194 4878 tu
1214 4843 1266 4878 om.
1286 4827 1407 4880 Panas.
1434 4854 1465 4865 -
1496 4830 1607 4880 bominis

282 4902 364 4948 ettam
382 4898 486 4949 Pars:
507 4901 591 4948 ultam
608 4900 718 4950 homiui:
738 4899 816 4949 buta.
838 4923 868 4935 -
897 4899 941 4949 25.
959 4900 1064 4962 pelleret
1082 4897 1232 4948 ennena:
1255 4900 1375 4960 petiisset
1396 4901 1424 4950 K.
1447 4925 1490 4962 -·,
1506 4899 1549 4949 30.
1569 4906 1607 4950 stt

283 4968 633 5026 wornottonisI'ABFRI':
654 4971 833 5020 wormatiense
851 4977 888 5019 est
909 4969 939 5017 ts.
966 4995 1000 5005 -
1027 4971 1140 5031 ponitur
1157 4971 1232 5021 mode
1252 4970 1380 5021 I’BFRT:
1400 4972 1479 5022 modo
1497 4971 1607 5033 ponitur

283 5039 338 5090 ΑΕ.
362 5064 390 5076 -
424 5039 466 5090 31.
488 5041 797 5092 tibtmuttnsl‘dllF'I':
827 5039 926 5091 multos
945 5041 991 5090 :tor
1010 5039 1041 5089 It.
1071 5037 1134 5100 (orn.
1153 5042 1200 5092 ttbt
1223 5040 1272 5100 n.)
1301 5066 1330 5077 -
1363 5041 1492 5092 3211111
1519 5041 1607 5090 omns-t

283 5110 408 5162 eante:
428 5112 524 5163 Amore·
537 5111 593 5162 ult.
614 5111 667 5164 Clr.
687 5109 716 5176 §.
729 5111 773 5163 25.
796 5113 844 5164 bls.
860 5137 887 5150 -
910 5109 952 5162 31.
973 5110 1103 5178 festivitas
1115 5111 1264 5164 PABFKT:
1284 5113 1417 5181 festivitas
1430 5109 1559 5178 wordum
1572 5111 1604 5163 E.
