3720 5840
298 419 360 488 58Ἰ
803 417 856 483 to
879 418 1117 486 HERENNIUM

297 603 353 658 ea,
392 601 472 668 quae
502 587 666 647 versantur
695 579 730 646 in
758 599 905 648 sermone
936 590 967 648 et
988 583 1214 648 consuetudine
1238 581 1439 670 quotidiane3
1477 582 1617 670 propria,

298 696 380 762 quae
404 675 470 740 eius
493 676 538 740 rei
561 678 658 740 verba
680 683 753 740 sunt
774 685 828 741 aut
849 689 1092 764 essepossunt,
1118 700 1180 764 qua
1202 681 1242 743 de
1264 681 1442 764 loquemur.

384 771 434 834 18.
472 769 664 856 Compositio
689 777 737 834 ost
757 775 926 838 verborum
949 773 1161 849 constructio,
1187 793 1267 858 quae
1289 775 1363 838 lacit
1386 793 1495 838 omnes
1516 781 1620 859 partes

298 863 450 931 orationis
473 866 680 951 aequabiliter
700 868 884 952 perpolitus.
927 870 973 932 Ea
997 870 1252 945 conservabitur,
1276 869 1302 932 si
1325 865 1479 952 fugiemus
1494 866 1620 933 crebras

276 963 454 1026 evocalium
477 961 718 1034 concursiones,
754 982 834 1048 quae
857 970 975 1026 vastam
998 972 1090 1048 atque
1113 962 1252 1028 hiantem
1275 965 1450 1028 orationem
1472 966 1619 1040 reddunt,

297 1064 332 1120 ut
354 1054 414 1120 hoc
438 1062 505 1120 est:
531 1059 648 1121 baccae
671 1077 789 1122 aeneae
811 1057 1051 1123 amoenissimae
1073 1055 1307 1143 impendebant.
1352 1060 1391 1122 Et
1411 1056 1438 1121 si
1453 1059 1621 1123 vitabimus

297 1152 438 1216 eiusdem
462 1151 584 1215 litterae
606 1153 734 1216 nimiam
757 1152 988 1230 assiduitatem;
1013 1155 1064 1216 cui
1086 1150 1164 1216 vitio
1186 1173 1295 1216 versus
1314 1153 1367 1217 bic
1381 1154 1441 1218 erit
1456 1155 1618 1240 exemplo:

298 1243 380 1329 (nam
403 1248 455 1310 hic
477 1245 554 1311 nihil
577 1247 727 1331 prohibet
747 1249 780 1312 in
801 1249 885 1312 vitiis
908 1249 1018 1312 alienis
1041 1249 1193 1333 exemplis
1215 1249 1261 1312 uti
1275 1247 1295 1333 ε)

385 1371 412 1436 O
435 1373 518 1445 Tite,
540 1379 620 1444 tnte,
645 1373 735 1447 Tati,
756 1373 809 1436 tibi
830 1380 914 1436 tacito
935 1381 1061 1456 tyranne
1082 1372 1199 1446 tulisti,

259 1529 288 1569 10
299 1512 331 1570 et
350 1505 404 1568 hio
427 1505 567 1568 eiusdem
591 1511 719 1590 poetae:

385 1629 554 1710 Quidquam
574 1629 732 1711 qnisquam
752 1629 892 1711 cuiquam
912 1630 990 1712 qnod
1010 1629 1182 1701 conveniat,
1204 1637 1297 1711 nepet.

297 1755 353 1828 Et,
379 1752 405 1814 si
428 1751 569 1815 eiusdem
590 1753 682 1817 verbi
704 1752 916 1816 assiduitatem
940 1752 1067 1817 nimiam
1089 1750 1262 1835 fugiemus3
1293 1771 1329 1817 ca
1352 1758 1399 1815 cst
1419 1751 1620 1816 huiusmodi:

297 1849 375 1909 Nam
408 1847 496 1910 cuius
531 1848 660 1910 rationis
695 1845 774 1911 ratio
805 1841 872 1911 non
903 1855 1022 1922 exstet,
1057 1845 1086 1910 ei
1118 1845 1233 1910 rationi
1261 1845 1339 1910 ratio
1366 1865 1430 1910 non
1460 1854 1507 1909 est
1527 1843 1622 1909 fidem

296 1942 424 2006 habere.
468 1943 525 2017 Et,
549 1943 576 2006 si
598 1961 663 2006 non
684 1950 809 2009 utemur
831 1944 1029 2006 continenter
1050 1942 1194 2006 similiter
1216 1942 1401 2007 cadentibus
1414 1940 1538 2013 verbis,
1560 1940 1623 2004 hoc

260 2039 414 2111 15m0d02

381 2161 514 2233 onnes,
532 2161 707 2243 plorantes,
731 2161 942 2233 lacrimantes,
965 2161 1148 2224 obtestantes.

297 2293 347 2368 Et,
373 2293 400 2356 si
422 2295 592 2357 verborum
615 2293 867 2357 transiectionem
890 2292 1075 2367 vitabimus,
1100 2292 1160 2356 nisi
1183 2310 1264 2377 quae
1288 2291 1348 2356 erit
1365 2291 1536 2367 concinna,
1561 2311 1623 2376 qua

299 2387 339 2450 de
361 2408 395 2451 re
419 2389 575 2472 posterius
596 2387 782 2471 loquemur;
817 2407 880 2473 quo
910 2388 943 2451 in
971 2386 1047 2452 vitio
1071 2394 1120 2451 est
1140 2384 1279 2450 Lucilius
1301 2386 1466 2462 assiduus,
1505 2392 1540 2450 ut
1561 2386 1623 2450 boc

299 2483 401 2546 estin
423 2483 529 2567 priore
551 2479 656 2547 libro:

260 2637 289 2678 20
383 2606 450 2668 Has
470 2625 519 2670 rer
540 2605 579 2669 ad
600 2613 627 2669 te
648 2607 794 2688 scriptos,
818 2606 914 2690 Loci,
937 2606 1090 2678 misimur,
1112 2603 1189 2668 Acti.

299 2730 378 2793 ltem
400 2729 510 2811 lugere
534 2735 660 2812 oportet
680 2729 805 2810 longam
827 2729 996 2792 verborum
1019 2725 1305 2800 continuationem,
1329 2746 1410 2812 quae
1425 2735 1458 2791 et
1471 2730 1624 2795 auditoris

300 2843 394 2887 aures
428 2829 459 2885 et
492 2821 625 2886 oratoris
656 2823 797 2907 spiritum
830 2820 936 2886 laedit.
981 2821 1038 2885 llis
1069 2824 1154 2886 vitiis
1188 2824 1221 2886 in
1251 2824 1479 2908 compositione
1509 2826 1622 2898 vitatis,

300 2917 457 3002 reliquum
480 2918 585 2999 operis
609 2918 856 2980 consumendum
877 2924 926 2980 est
945 2913 979 2979 in
1002 2918 1161 3001 dignitate.

385 3021 471 3083 Xlll.
496 3020 637 3103 Dignitas
660 3025 725 3092 est,
749 3039 829 3104 quae
852 3022 955 3084 reddit
976 3030 1116 3085 ornatam
1133 3021 1325 3098 orationem,
1350 3023 1499 3088 varietate
1514 3024 1624 3087 distin·

263 3133 411 3200 ,spuens
464 3117 550 3180 llaec
579 3116 612 3178 io
639 3116 810 3179 verborum
839 3121 871 3178 et
899 3115 932 3179 in
953 3118 1177 3180 sententiarum
1198 3117 1434 3182 exornationem
1462 3116 1622 3182 dividitur.

301 3208 478 3277 Verborum
501 3210 664 3274 exornatio
687 3215 750 3284 est,
785 3229 865 3291 quae
887 3208 985 3292 ipsius
1007 3213 1161 3275 sermonis
1184 3211 1328 3295 insignita
1352 3214 1530 3278 continetur
1552 3232 1624 3298 per-

300 3307 464 3388 politioue.
511 3305 741 3368 Sententiarum
765 3305 929 3370 exornatio
951 3314 1014 3379 cst,
1037 3326 1117 3391 quae
1140 3305 1258 3369 nonin
1280 3306 1404 3382 verbis,
1429 3309 1485 3372 sed
1499 3308 1533 3372 in
1546 3307 1624 3389 ipsis

300 3404 395 3466 rebus
417 3402 573 3488 quandam
595 3401 692 3463 habet
714 3400 907 3482 dignitatem.

386 3497 437 3559 19.
475 3492 632 3580 Repetitio
659 3501 722 3568 est,
755 3515 825 3557 cum
849 3497 1045 3559 continenter
1066 3499 1105 3559 ab
1127 3517 1191 3561 uno
1213 3505 1307 3582 atque
1330 3500 1444 3562 eodem
1466 3493 1563 3562 verbo
1593 3496 1624 3561 in

264 3624 291 3666 ,ο
301 3592 397 3654 rebus
419 3589 573 3653 similibus
596 3596 628 3653 et
649 3588 782 3653 diversis
803 3590 956 3675 principia
979 3597 1162 3665 sumuntur,
1186 3588 1246 3655 hoc
1269 3591 1383 3657 modo:
1421 3592 1520 3655 Vobis
1541 3590 1625 3655 istud

301 3687 533 3749 attribuendum
557 3690 624 3759 est,
654 3683 745 3748 vobis
768 3686 866 3768 gratia
889 3692 937 3749 est
958 3687 1121 3760 habenda,
1153 3689 1244 3752 vobis
1265 3690 1324 3752 ista
1345 3710 1396 3753 res
1420 3689 1480 3752 erit
1500 3689 1624 3752 honori.

300 3782 399 3844 ltem:
437 3781 541 3862 Scipio
564 3779 762 3844 Numantiam
784 3780 926 3854 sustulit,
965 3780 1068 3866 Scipio
1092 3782 1315 3867 Karthaginem
1346 3781 1480 3857 delevit,
1517 3783 1623 3864 Scipio

298 3894 410 3962 pacem
433 3876 574 3960 peperit,
606 3875 712 3958 Scipio
735 3875 892 3938 civitatem
914 3877 1062 3954 servavit.
1108 3878 1203 3941 Item:
1234 3880 1281 3942 Tu
1303 3879 1336 3940 in
1359 3878 1461 3942 lorum
1485 3879 1623 3959 prodire,

300 3978 335 4035 tu
356 3972 458 4034 lucem
483 3971 688 4055 conspicere,
722 3976 757 4031 tu
779 3969 811 4031 in
833 3969 946 4032 horum
980 3979 1182 4056 conspectum
1210 3972 1319 4036 venire
1341 3972 1487 4036 conaris‘t
1520 3973 1625 4036 Audes

263 4062 432 4139 severtium
454 4062 581 4128 faceret
618 4066 713 4128 audes
736 4064 905 4149 quidquam
927 4060 966 4126 ab
988 4065 1055 4127 istis
1077 4071 1207 4151 peteret
1241 4068 1339 4131 audes
1361 4066 1548 4151 supplicium
1572 4070 1626 4131 de-

301 4159 447 4242 precari?
484 4155 567 4236 Quid
597 4165 661 4233 est,
699 4156 782 4242 quod
812 4158 914 4243 possis
947 4159 1139 4223 defenderet
1183 4159 1259 4247 quid
1287 4167 1354 4237 est,
1394 4165 1479 4247 quod
1510 4161 1624 4226 audeas

300 4254 484 4339 postularet
507 4253 581 4338 quid
606 4260 674 4327 est,
698 4252 783 4338 quod
805 4251 863 4316 tibi
886 4254 1016 4316 concedi
1038 4262 1129 4335 putes
1153 4260 1325 4341 oporteret
1358 4259 1428 4320 Non
1450 4256 1498 4322 ius
1521 4257 1626 4321 iuran-

301 4346 375 4414 dum
398 4348 576 4430 reliquisti?
613 4367 676 4412 non
706 4349 823 4412 amicos
853 4346 1045 4430 prodidisti?
1078 4369 1142 4414 non
1171 4351 1292 4435 parenti
1327 4371 1436 4415 manus
1468 4352 1624 4415 intulisti‘l

299 4461 364 4506 non
387 4443 522 4527 denique
545 4443 685 4507 inomni
709 4441 864 4507 dedecore
886 4443 1043 4507 volutatus
1066 4449 1124 4508 est
1159 4445 1245 4508 Haeo
1267 4447 1430 4511 exornatio
1453 4467 1522 4511 cum
1545 4447 1626 4510 mul-

371 4605 396 4654 s.
417 4607 576 4656 constructio
595 4606 770 4668 aequabiliter
787 4603 943 4669 (aequaliter
960 4605 991 4664 T)
1007 4607 1141 4668 perpotito
1159 4607 1201 4655 FT
1221 4613 1246 4657 ot
1265 4619 1304 4668 pr.
1319 4607 1357 4666 t,
1389 4610 1450 4658 ttem
1471 4608 1541 4658 Cret.
1562 4607 1622 4658 Sctr.

305 4676 356 4727 Alit
375 4677 465 4732 eitterz
495 4682 524 4725 nt
543 4690 605 4736 nos,
630 4680 698 4727 luter
718 4681 819 4740 nqetros
839 4689 908 4725 unus
929 4676 966 4732 ll,
993 4681 1042 4726 nist
1063 4679 1133 4738 quod
1154 4679 1232 4726 babet
1249 4679 1395 4741 perpolitus
1414 4680 1571 4742 aequaliter.
1600 4705 1625 4716 -

301 4747 327 4798 d.
348 4747 514 4804 aneoel’l',
553 4760 628 4796 ercan
647 4748 678 4797 t.
716 4748 766 4810 (tin
797 4761 891 4796 aeneae
918 4746 1029 4796 hederae
1048 4749 1250 4797 amoenissima?
1271 4745 1334 4813 Ox.)
1353 4772 1387 4785 ·-
1417 4750 1459 4799 25.
1482 4755 1506 4799 et
1523 4753 1552 4800 in
1569 4763 1625 4800 ren·

301 4822 445 4869 tenuiorum
463 4817 565 4868 Pota:
587 4821 777 4868 sententiarum
798 4817 862 4881 (om.
876 4817 915 4880 in)
934 4817 1012 4866 etit.
1034 4844 1064 4854 -
1084 4819 1125 4868 28,
1149 4819 1313 4882 dipnitatem.
1350 4819 1387 4869 Μ.
1407 4820 1476 4869 Tulli
1494 4820 1625 4870 Ciceronis

302 4891 338 4940 ad
355 4891 505 4942 nasaniam
524 4889 570 4939 lib.
588 4890 653 4938 1111.
674 4889 790 4952 explicit.
821 4889 917 4950 Incipit
940 4887 1005 4938 tiber
1025 4888 1053 4935 V.
1073 4890 1191 4952 feliciter.
1231 4891 1268 4940 lie
1285 4890 1422 4940 colorum
1439 4893 1623 4941 exornatione.

302 4962 428 5024 Repetitio
447 4969 483 5010 ert
502 4960 522 5009 P
542 4972 572 5009 ec
593 4961 711 5009 slmlttter
730 4959 758 5010 F.
779 4983 810 4994 -
831 4961 874 5009 31.
894 4963 984 5022 pratia
1006 4967 1042 5008 eet
1056 4959 1204 5008 cantat:
1224 4963 1315 5024 pratia
1332 4961 1454 5023 (ernest)
1472 4961 1502 5011 tt.
1524 4989 1551 4999 -
1574 4963 1625 5012 isto

300 5033 506 5083 recensent:
526 5043 568 5080 res
586 5034 638 5079 ieta
659 5029 689 5078 li.
704 5053 735 5066 -
755 5028 798 5080 37.
818 5029 922 5080 concedi
937 5037 1014 5090 poter
1025 5029 1177 5083 statut:
1195 5039 1272 5094 pater
1291 5031 1397 5084 concedi
1410 5031 1441 5082 ll.
1458 5057 1488 5068 -
1509 5031 1553 5084 38.
1567 5033 1625 5084 reli·

302 5101 394 5169 quieti]
415 5102 590 5166 conronprirrt
609 5101 630 5153 B
650 5107 676 5154 et
694 5113 761 5153 corr·
780 5101 804 5152 Α
823 5114 853 5152 ex
871 5101 950 5167 glosa.
