3714 5844
694 489 771 554 Llc.
794 487 821 552 1.
866 489 899 555 C.
921 487 951 554 8.
973 490 1003 552 9.
1451 487 1511 556 179

189 652 260 739 quis
280 652 341 716 boc
360 668 424 716 nou
444 646 515 714 iure
535 646 667 713 miretur
688 667 872 734 summeque
892 651 926 713 in
948 671 987 715 eo
1010 646 1235 716 elaborandum
1248 667 1318 714 esse
1332 651 1507 730 arbitretur,

134 791 141 806 .
188 754 241 823 ut,
271 763 335 832 quo
355 763 421 810 uno
442 745 587 809 homines
609 742 744 809 maxime
766 743 874 810 bestiis
895 750 1070 832 praestent,
1099 747 1131 808 in
1152 742 1213 808 boc
1234 743 1415 809 bominibus
1435 745 1513 831 ipsis

188 841 371 907 antecellat?
407 842 446 905 Ut
474 861 551 906 vero
582 840 644 905 ianr
674 839 713 906 ad
734 839 789 906 illa
810 859 930 906 smuma
950 838 1126 914 veniamus,
1160 858 1240 923 quae
1262 840 1310 903 vis
1331 837 1391 904 alia
1411 841 1514 926 potuit

188 944 243 1002 aut
263 934 425 1021 dispersos
442 934 587 1002 homiues
607 956 705 1002 unum
727 935 760 1000 in
787 935 891 1001 locum
917 953 1111 1020 congregare
1133 940 1187 999 aut
1207 953 1225 999 a
1245 930 1313 998 iera
1333 935 1513 1018 agrestique

188 1031 254 1096 vita
281 1033 321 1096 ad
350 1031 433 1095 bunc
461 1034 632 1096 humanum
654 1029 771 1096 cultum
793 1029 979 1116 civilemque
1001 1029 1159 1095 deducere
1181 1035 1234 1094 aut
1253 1027 1317 1093 iam
1337 1028 1536 1094 constitutisa

188 1122 364 1190 civitatibus
385 1123 489 1210 leges,
510 1123 644 1198 iudicia,
672 1123 741 1190 iura
762 1123 967 1191 describeret
1004 1127 1055 1190 31.
1077 1129 1121 1190 Ac
1142 1145 1182 1188 ne
1205 1121 1309 1208 plura,
1339 1143 1420 1208 quae
1442 1129 1514 1188 sunt

188 1240 289 1307 paene
310 1216 567 1294 innumerabilia,
588 1226 771 1297 consecter,
795 1221 1059 1306 comprehendam
1081 1217 1190 1283 brevi:
1224 1215 1269 1282 sic
1291 1217 1374 1282 enim
1397 1224 1513 1293 statuo,

188 1314 321 1398 perlecti
348 1313 483 1380 oratoris
510 1312 727 1380 moderatione
757 1322 790 1379 et
818 1313 970 1402 sapientia
999 1333 1064 1378 non
1086 1314 1189 1377 solum
1209 1311 1309 1395 ipsius
1331 1311 1515 1396 dignitatem

189 1410 245 1475 sed
268 1416 299 1474 et
319 1408 513 1495 privatorum
534 1408 745 1495 plurimorum
768 1417 800 1475 et
819 1410 987 1477 universae
1008 1405 1214 1491 reipublicae
1229 1405 1361 1472 salutem
1377 1407 1514 1470 maxime

187 1501 354 1568 contineri.
398 1499 613 1582 Quamobrem
643 1503 781 1590 pergite,
815 1502 995 1579 atteritis,
1028 1500 1261 1582 adolescentes3
1298 1509 1392 1589 atque
1420 1502 1453 1567 in
1481 1499 1552 1566 idro

188 1595 341 1671 studium,
371 1596 405 1662 in
426 1616 491 1684 quo
514 1600 605 1676 estis,
634 1598 822 1675 incumbite,
851 1607 887 1666 ut
908 1607 940 1664 et
959 1599 1051 1665 vobis
1072 1596 1187 1661 honori
1209 1604 1240 1661 et
1261 1595 1367 1660 amicis
1388 1594 1515 1662 utilitati

188 1700 221 1758 et
241 1695 288 1759 rei
308 1691 452 1779 publicae
473 1692 685 1758 emolumento
709 1713 778 1760 esse
798 1693 937 1779 possitis.
982 1693 1039 1757 lx.
1063 1694 1116 1757 35.
1147 1695 1226 1756 Tum
1249 1690 1398 1756 Scaevola
1418 1689 1517 1754 comi-

189 1794 255 1864 ter,
287 1794 322 1852 ut
344 1784 482 1861 solebat,
512 1787 639 1862 Cetera,
668 1787 784 1875 inquit,
814 1792 968 1855 assentior
990 1787 1118 1862 Crasso,
1153 1805 1193 1850 ne
1214 1793 1267 1850 aut
1289 1789 1328 1850 de
1350 1785 1385 1848 G.
1401 1783 1515 1859 Laelii,
1660 1852 1664 1860 ,

189 1880 294 1970 soceri
313 1880 377 1947 mei
397 1889 450 1946 aut
471 1878 510 1946 de
531 1881 623 1948 buius
666 1885 776 1966 generi
808 1890 862 1949 aut
894 1890 961 1947 arte
982 1888 1036 1946 aut
1056 1878 1156 1965 gloria
1179 1878 1360 1958 detrabam3
1387 1880 1443 1944 sed
1463 1877 1517 1944 illa
1643 1946 1649 1956 ,

189 1977 273 2052 duo,
297 1976 422 2052 Crasse,
445 1995 574 2053 vereor,
596 1985 632 2043 ut
653 1975 714 2042 tibi
733 1981 852 2062 possim
875 1980 1065 2043 concedere:
1102 1993 1219 2052 unum,
1243 1972 1329 2061 quod
1350 1977 1389 2039 ab
1411 1979 1553 2038 orato-rs

187 2069 278 2136 ribus
308 2069 448 2136 civitates
476 2078 508 2136 et
535 2070 626 2137 initio
656 2074 839 2139 constitutas
872 2080 904 2138 et
935 2090 1030 2158 saepe
1060 2077 1264 2136 conservatas
1295 2088 1364 2134 esse
1394 2068 1516 2144 dixisti,

189 2163 338 2242 alterum,
362 2163 612 2256 quod,(rem9t0
633 2164 722 2244 loro,
747 2167 909 2245 contione,
933 2163 1078 2241 iudiciis,
1101 2161 1232 2245 senatu)
1255 2161 1390 2230 statuisti
1412 2169 1517 2228 orato-

188 2277 258 2324 rem
279 2260 313 2323 in
334 2259 421 2325 omni
441 2280 558 2344 genere
579 2261 735 2326 sermonis
758 2268 791 2328 et
811 2259 1012 2327 humanitatis
1034 2277 1103 2324 esse
1130 2256 1317 2341 perlectum.
1362 2260 1413 2324 36.
1437 2256 1516 2335 Quis

189 2353 275 2420 euim
307 2351 363 2418 tibi
395 2357 456 2420 boc
488 2355 695 2431 concesserit,
732 2364 786 2421 aut
813 2356 904 2427 initio
933 2374 1032 2441 genus
1060 2351 1224 2418 bominum
1245 2351 1279 2417 iu
1299 2349 1458 2418 montibus
1480 2371 1517 2415 ac

189 2447 274 2516 silvis
296 2447 478 2535 dissipatum
500 2469 565 2514 non
586 2449 791 2534 prudentium
813 2448 952 2515 consiliis
974 2445 1170 2529 compulsum
1187 2449 1403 2530 potiusquam
1417 2447 1555 2510 diserto

189 2551 294 2608 torum
322 2546 465 2608 oratione
492 2542 665 2610 delenitum
693 2565 727 2610 se
755 2543 880 2631 oppidis
901 2539 1130 2624 moenibusque
1153 2539 1327 2625 saepsisset
1363 2551 1418 2606 aut
1437 2559 1516 2606 vero

189 2637 329 2724 reliquas
349 2635 500 2704 utilitates
521 2647 575 2704 aut
595 2641 628 2704 in
647 2639 871 2705 constituendis
893 2646 947 2703 aut
967 2638 1001 2701 iu
1023 2635 1247 2701 conservandis
1261 2633 1439 2701 civitatibus
1452 2653 1517 2700 nou

190 2753 209 2798 a
230 2730 421 2818 sapientibus
442 2740 474 2798 et
493 2730 629 2798 fortibus
650 2733 726 2798 viris
748 2737 805 2800 sed
833 2754 853 2799 a
886 2732 1010 2799 disertis
1043 2736 1215 2814 ornateque
1243 2728 1418 2795 dicentibus
1448 2747 1517 2794 esse

190 2827 392 2892 constitutast
429 2831 481 2892 37.
511 2829 560 2892 An
587 2847 664 2894 vero
697 2831 755 2894 tibi
784 2827 935 2895 Romulus
962 2828 1017 2892 ille
1045 2831 1100 2890 aut
1128 2831 1272 2908 pastores
1300 2833 1333 2890 et
1359 2843 1517 2891 convenas

190 2930 481 3007 congregasse-aut
508 2920 696 2988 Sabinorum
724 2926 880 2989 connubia
907 2922 1108 2988 coniunxisse
1136 2928 1192 2985 ant
1220 2917 1426 2985 finitimorum
1451 2921 1554 2984 rima

190 3018 377 3102 repressisse
400 3015 580 3104 eloquentia
601 3018 742 3094 videtur,
764 3037 829 3083 nou
851 3019 983 3083 consilio
1006 3024 1038 3081 et
1052 3017 1203 3101 sapientia
1218 3016 1387 3099 sinqurlarii
1410 3016 1515 3092 Quidi

190 3111 224 3174 in
245 3113 346 3175 Numa
366 3112 541 3195 Pompili03
572 3113 669 3196 qrridt
700 3114 734 3177 iu
757 3114 867 3178 Servio
889 3110 1012 3188 malm
1045 3109 1141 3197 quid?
1172 3111 1207 3174 in
1229 3108 1343 3175 ceteris
1364 3111 1514 3194 regibus,

190 3225 327 3290 quorum
348 3207 447 3270 multa
468 3213 541 3271 sunt
561 3208 677 3271 eximia
698 3205 737 3272 ad
760 3209 1009 3273 constituendam
1039 3225 1106 3268 rem
1133 3201 1310 3288 publicam,
1345 3227 1421 3270 num
1450 3206 1517 3269 elo·

191 3298 337 3384 mantiae
358 3301 526 3385 vestigium
548 3305 698 3387 appareti
721 3301 827 3380 Quid‘l
852 3302 971 3368 exactis
993 3296 1135 3383 regibus,
1162 3301 1298 3380 (umetsi
1320 3300 1420 3386 ipsam
1441 3318 1516 3364 exa·

190 3395 326 3460 ctionem
357 3403 479 3470 mente,
516 3415 582 3460 aon
614 3397 721 3479 lingua
749 3395 922 3483 perlectam
949 3397 986 3460 L.
1008 3393 1099 3459 Bruti
1128 3412 1198 3458 esse
1228 3393 1421 3480 cemimus,)
1459 3395 1553 3464 sedss

190 3485 338 3574 deinceps
366 3490 472 3554 omniu
499 3509 606 3556 nonne
635 3493 730 3574 plena
760 3491 981 3568 consiliorum,
1021 3488 1125 3554 inania
1153 3492 1324 3555 verborum
1351 3489 1515 3556 videmus?

191 3583 243 3647 38.
266 3585 335 3668 Ego
356 3605 432 3649 vero
455 3585 481 3648 si
502 3584 599 3650 velim
621 3592 653 3650 et
672 3593 799 3651 nostrae
822 3587 955 3650 civitatis
977 3585 1128 3670 exemplis
1141 3587 1188 3649 uti
1203 3592 1236 3649 et
1251 3586 1400 3661 abarum,
1424 3584 1516 3668 plura

191 3675 336 3758 prolerre
356 3677 476 3764 possim
495 3681 683 3745 detrimenta
704 3678 839 3764 publicis
861 3677 956 3744 rebus
977 3699 1071 3766 mam
1093 3680 1273 3744 adiumenta
1294 3699 1351 3766 per
1370 3681 1515 3745 homines

194 3767 468 3857 eloquentissimos
489 3774 679 3858 importata;
703 3777 777 3850 sed,
800 3781 836 3838 ut
856 3774 979 3860 reliqua
994 3775 1258 3856 praetermittam,
1282 3775 1422 3840 omnium
1437 3773 1516 3837 mibi
1645 3766 1656 3787 ‘

191 3865 316 3940 uideor,
344 3869 501 3953 exceptis,
534 3869 664 3945 Crasse,
687 3865 778 3934 vobis
800 3865 941 3942 duobus,
965 3865 1239 3953 eloquentissimos
1262 3866 1388 3933 audisse
1410 3869 1458 3934 Ti.
1483 3873 1515 3932 et
1523 3891 1551 3936 ss

193 3959 229 4024 C.
246 3960 468 4046 Sempronius,
492 3981 628 4047 quorum
649 3970 758 4048 pater,
789 3963 887 4028 homo
909 3963 1047 4048 prudens
1069 3968 1102 4028 et
1123 3965 1243 4048 gravis,
1270 3965 1515 4049 haudquaquam
1644 3984 1658 4040 .‘

192 4053 358 4137 eloquens,
395 4064 427 4121 et
455 4076 550 4140 saepe
581 4059 657 4121 alias
686 4064 718 4120 et
745 4059 884 4123 maxime
915 4077 1044 4133 censor,
1080 4056 1173 4122 saluti
1199 4059 1246 4122 rei
1272 4055 1418 4141 publicae
1443 4056 1514 4122 luit.

192 4148 294 4231 Atque
321 4150 349 4212 is
376 4170 441 4216 non
472 4158 617 4217 accurata
647 4153 782 4236 quadam
810 4152 962 4217 orationis
991 4149 1083 4234 copia
1110 4154 1166 4217 sed
1194 4158 1272 4216 nutu
1298 4159 1392 4238 atque
1413 4147 1513 4215 verbo

192 4240 358 4308 libertinos
380 4244 413 4312 in
433 4247 568 4312 urbanas
590 4248 691 4313 tribus
713 4247 887 4326 transtulit3
912 4247 995 4333 quod
1018 4245 1078 4310 nisi
1092 4245 1236 4324 lecisset,
1260 4243 1512 4332 rempublicam,

192 4355 289 4421 quam
309 4357 391 4402 nuuc
412 4340 465 4404 vix
486 4347 646 4419 tenemus,
668 4343 733 4406 iam
755 4339 810 4408 din
831 4341 948 4408 nullam
970 4341 1172 4407 haberemus.
1217 4343 1258 4405 At
1279 4361 1355 4407 vero
1375 4341 1443 4405 eius
1456 4337 1552 4407 filiisa

193 4430 304 4498 diserti
333 4440 366 4498 et
394 4431 540 4500 omuibus
571 4433 622 4500 vei
653 4443 785 4501 naturae
812 4435 863 4502 vel
892 4437 1053 4500 doctrinae
1082 4434 1247 4522 praesidiis
1276 4437 1316 4500 ad
1345 4435 1515 4500 dicendum

192 4525 311 4612 parati,
334 4545 406 4592 cuna
428 4525 583 4592 civitatem
605 4531 657 4596 vel
676 4538 809 4617 patemo
831 4528 962 4595 consilio
983 4528 1035 4596 rel
1049 4531 1139 4594 avitis
1153 4529 1248 4595 armis
1262 4527 1516 4596 florentissimam

263 4735 290 4785 7.
307 4748 391 4800 poam
409 4747 462 4786 om.
481 4735 516 4786 R.
537 4761 568 4774 -
595 4739 622 4789 a.
642 4745 667 4791 et
682 4741 852 4803 prtoutorum
870 4745 895 4789 et
910 4739 1087 4803 plurimorum
1104 4739 1160 4791 aa.
1181 4765 1214 4778 -
1246 4737 1289 4790 14.
1308 4739 1412 4806 qaaerit
1427 4739 1462 4790 lt.
1480 4763 1516 4775 -

195 4805 238 4859 15.
256 4803 296 4869 ut]
316 4806 388 4857 baud
405 4807 445 4866 lt,
464 4821 497 4858 aa
513 4808 546 4858 a.
568 4833 597 4846 -
618 4809 662 4860 lc.
682 4810 756 4860 stab
774 4810 853 4860 tuitio
871 4809 904 4859 li.
927 4831 955 4844 -
976 4809 1021 4861 17.
1038 4814 1145 4861 tenutas
1163 4810 1195 4861 B.
1208 4829 1242 4848 ·-
1261 4810 1305 4862 13.
1324 4811 1396 4861 ornat
1413 4822 1466 4861 om.
1479 4809 1512 4861 B.

196 4901 228 4916 -
245 4878 290 4928 10.
307 4877 478 4942 prudentium
496 4891 549 4929 om.
568 4877 600 4929 a.
623 4905 651 4920 -
672 4880 717 4930 21.
736 4881 873 4932 delinitum
891 4882 924 4932 n.
947 4901 976 4916 ·-
1000 4885 1030 4931 ot
1047 4893 1111 4930 aero
1127 4882 1159 4932 a.
1180 4907 1209 4920 -
1238 4880 1283 4932 13.
1301 4882 1333 4930 ta
1349 4882 1517 4932 instituendis

194 4948 227 4998 ll.
248 4973 278 4986 -
299 4949 344 4999 23.
364 4956 506 5013 amotoque
524 4950 589 5000 aa:
614 4955 640 5002 at
657 4955 751 5001 ornata
769 4951 801 5001 a.
822 4973 852 4988 -
871 4951 916 5002 14.
933 4961 997 5001 erro
1016 4963 1068 5002 aru.
1087 4951 1121 5002 R.
1141 4977 1174 4989 -
1203 4952 1248 5003 25.
1277 4952 1403 5015 cantapia
1429 4951 1462 5001 n.
1482 4973 1515 4988 -

194 5018 238 5068 aa.
259 5017 352 5081 Quid?
370 5021 400 5069 ia
418 5019 502 5071 codd.
529 5021 615 5085 sitq:
646 5019 717 5082 Quid
734 5022 824 5072 anim?
849 5023 880 5074 tra
904 5021 983 5072 ltltll.
1004 5045 1035 5058 -
1065 5023 1110 5072 aa.
1131 5021 1218 5074 Tullio
1236 5023 1278 5073 R:
1311 5021 1390 5072 fratta
1407 5020 1463 5072 BE.
1483 5045 1517 5059 -

194 5089 322 5212 zipheum
338 5089 360 5140 lt
377 5103 409 5144 ac
425 5090 563 5158 plerique:
592 5103 658 5143 oum
682 5092 827 5158 quodlib.
856 5113 886 5132 ·-
913 5091 957 5146 33.
976 5091 1051 5145 oudo
1067 5093 1124 5148 aa.
1152 5119 1180 5134 -
1214 5091 1259 5146 39.
1282 5092 1406 5146 libertino
1424 5093 1456 5144 li.
1484 5113 1517 5131 -
