3742 5852
273 331 338 398 392
862 323 1013 392 BRUTIIS

273 493 418 565 Dicebat,
442 487 589 574 in'quem,
611 485 672 554 ita:
694 487 799 553 sedet
819 483 888 568 ipse
909 487 1037 550 errabat
1058 491 1091 550 et
1111 487 1190 552 alios
1213 485 1306 553 etiam
1328 507 1436 554 errare
1459 489 1601 578 cogebat.

273 591 352 653 Nam
374 585 494 671 siquis
517 603 590 661 eos,
629 581 684 667 qui
711 601 771 648 nec
792 582 898 664 inepte
920 579 1027 646 dicunt
1048 600 1107 644 nee
1129 583 1240 646 odiose
1261 602 1321 648 nec
1341 584 1467 669 putide,
1504 586 1606 652 Ath‘ce

273 688 363 769 putat
382 683 506 756 dicere,
538 680 565 746 is
586 685 671 744 recte
692 675 756 743 nisi
775 678 912 742 Atticum
933 678 1050 760 probat
1070 677 1241 742 neminem.
1286 677 1496 745 Insulsitatem
1518 681 1600 746 enim

275 786 307 842 et
333 773 533 840 insolentiam
565 780 726 858 tamquam
752 770 907 838 insaniam
938 772 1095 858 quandam
1130 769 1283 836 orationis
1316 770 1402 838 odit:
1439 774 1603 841 sanitatem

252 876 379 934 sautem
402 874 434 933 et
454 867 665 952 integritatem
695 867 786 952 qnasi
813 865 1001 951 religionem
1024 871 1056 930 et
1075 866 1297 932 verecundiam
1319 869 1455 936 oratoris
1474 873 1600 956 probat.

75 969 175 1076 *ff*
253 947 361 1064 (llaec
389 963 530 1028 omnium
560 958 658 1026 dehet
684 967 847 1026 oratorum
875 962 986 1026 eadem
1015 980 1084 1025 esse
1107 961 1273 1026 sententia.
1317 964 1391 1028 285.
1423 961 1479 1030 Sin
1500 973 1604 1031 autem

73 1055 77 1062 ’
272 1045 469 1123 ieiunitatem
490 1063 523 1120 et
543 1055 716 1121 siccitatem
737 1063 771 1120 et
791 1053 950 1141 inopiam,
979 1056 1150 1120 dummodo
1173 1053 1214 1119 sit
1233 1074 1275 1141 po
1289 1054 1350 1133 ita,
1374 1054 1449 1122 dum
1470 1060 1602 1136 urbana,

275 1151 350 1219 dum
373 1151 515 1236 elegans,
536 1148 570 1216 iu
590 1149 694 1216 Attico
717 1169 835 1234 genere
855 1149 975 1236 ponit,
991 1147 1052 1214 hoe
1074 1155 1160 1214 recte
1175 1151 1351 1216 dumtaxat:
1374 1149 1430 1217 sed
1445 1153 1518 1236 quia
1533 1161 1605 1218 sunt

275 1248 310 1312 in
330 1244 441 1311 Atticis
461 1244 523 1311 alia
543 1242 693 1322 meliora,
726 1246 847 1318 rideat,
880 1264 921 1309 ne
941 1245 1069 1329 ignoret
1091 1251 1124 1308 et
1144 1246 1261 1328 gradum
1282 1252 1315 1309 et
1336 1243 1604 1313 dissimilitudines

235 1363 265 1404 sc
276 1349 307 1406 et
333 1340 398 1406 rim
425 1346 457 1404 et
484 1339 669 1406 varietatem
696 1341 883 1405 Atueorum.
910 1373 953 1387 -
984 1338 1121 1414 Atticos,
1155 1341 1269 1425 inquit,
1304 1342 1378 1407 volo
1408 1341 1536 1408 imitari.
1561 1379 1604 1394 --

275 1437 385 1514 Quos?
420 1453 480 1499 nec
507 1433 593 1500 enirn
621 1441 669 1501 est
696 1454 794 1500 unum
822 1453 933 1518 genus.
974 1435 1054 1497 Nam
1083 1430 1160 1518 quid
1183 1441 1231 1498 ost
1250 1443 1314 1500 tam
1336 1428 1485 1522 dissimde
1510 1457 1604 1523 qnam

82 1521 112 1610 J
122 1545 142 1586 e
272 1525 502 1596 Demosthenes
524 1535 556 1591 et
576 1530 707 1613 Lysias?
729 1549 822 1615 quam
843 1529 940 1593 iidem
962 1536 994 1592 et
1008 1527 1205 1613 Hyperidesl
1227 1549 1321 1617 quam
1334 1530 1449 1596 horum
1464 1531 1604 1598 omniurn

61 1632 66 1640 “
273 1621 466 1688 Aeschines?
504 1622 606 1700 Quem
635 1624 732 1708 igitur
757 1623 911 1688 imitaris?
949 1623 981 1686 Si
1004 1621 1160 1708 aliquem,
1195 1624 1292 1688 ceteri
1314 1643 1393 1708 ergo
1414 1627 1516 1690 Attice
1538 1646 1604 1691 non

275 1719 439 1783 dicebant:
474 1714 502 1781 si
522 1736 649 1794 omnes,
679 1720 734 1806 qui
756 1728 864 1803 potes,
887 1739 959 1782 cum
980 1714 1043 1782 sint
1064 1715 1123 1802 ipsi
1146 1714 1345 1783 dissimillimi
1367 1720 1452 1784 inter
1473 1725 1531 1785 sei
1567 1723 1603 1785 In

236 1830 339 1900 esque
360 1808 439 1876 illud
459 1811 554 1876 etiam
576 1831 712 1897 quaero,
735 1810 906 1878 Phalereus
923 1809 976 1876 ille
990 1809 1171 1876 Demetrius
1192 1813 1333 1877 Atticene
1356 1809 1481 1879 dixerit.
1525 1813 1603 1880 llihi

274 1905 402 1992 quidem
425 1922 467 1968 ex
488 1902 572 1969 illins
593 1903 791 1971 orationihus
812 1904 959 1971 redolere
979 1907 1066 1991 ipsae
1088 1907 1228 1970 Athenae
1249 1905 1407 1972 videntur.
1430 1943 1473 1957 -
1494 1911 1535 1974 At
1556 1916 1604 1974 est

273 1996 433 2073 lloridior,
456 2003 492 2062 ut
511 1997 555 2063 ita
577 1996 695 2075 dicam,
718 2019 813 2086 quam
835 1997 1030 2086 Hyperides,
1054 2019 1147 2086 qnam
1163 2002 1283 2085 Lysias.
1308 1976 1487 2104 —(Natura
1510 2023 1604 2088 quae-

117 2103 168 2198 11
275 2100 347 2163 dam
369 2099 424 2158 aut
445 2092 590 2158 voluntas
611 2093 656 2158 ita
677 2092 803 2160 dicendi
824 2091 908 2190 luit.)
939 2095 1115 2160 LXXXIII.
1138 2098 1211 2164 286.
1239 2099 1277 2160 Et
1298 2098 1426 2181 quidem
1449 2095 1511 2163 duo
1533 2096 1602 2163 sue-

151 2193 156 2211 ‘
274 2195 350 2255 runt
377 2205 435 2272 per
462 2183 547 2252 idem
574 2195 699 2275 tempus
727 2177 895 2255 dissimiles
922 2189 1006 2254 inter
1031 2211 1080 2264 se,
1114 2187 1170 2254 sed
1190 2191 1285 2255 Attici
1308 2199 1430 2256 tamen:
1469 2211 1603 2276 quorum

236 2283 435 2356 soCharisius
456 2278 627 2348 multarum
649 2285 849 2360 orationum,
884 2303 961 2371 quas
983 2279 1143 2350 scribebat
1163 2282 1251 2362 aliis,
1285 2305 1356 2351 cum
1379 2305 1495 2372 cupere
1516 2285 1604 2351 vide-

273 2387 362 2447 retur
381 2376 496 2441 imitari
518 2377 663 2462 Lysiam;
699 2378 915 2444 Demochares
937 2386 1061 2454 antem,
1095 2377 1149 2463 qui
1176 2378 1236 2444 fuit
1261 2380 1462 2447 Demostheni
1484 2381 1603 2447 sororis

273 2473 372 2550 lilius,
395 2480 427 2537 et
448 2473 605 2541 orationes
627 2474 753 2560 scripsit
775 2471 896 2557 aliquot
917 2479 1073 2538 eteorum
1089 2494 1194 2539 rerum
1210 2473 1395 2552 historiam,
1418 2496 1500 2562 quae
1515 2484 1604 2542 erant

272 2567 403 2634 Athenis
423 2566 523 2655 ipsius
546 2574 647 2634 aetate
670 2576 796 2651 gestae,
833 2588 899 2632 uon
927 2575 991 2632 tam
1020 2566 1171 2633 historico
1199 2588 1292 2654 quam
1321 2573 1460 2635 oratorio
1486 2591 1602 2656 genere

271 2663 465 2750 perscripsit.
509 2670 551 2731 At
577 2662 710 2730 Charisii
738 2665 806 2729 vult
834 2664 986 2748 Hegesias
1016 2682 1085 2727 esse
1116 2661 1239 2738 similis,
1276 2662 1366 2746 isque
1394 2683 1429 2729 se
1451 2663 1493 2729 ita
1515 2671 1603 2750 putat

234 2785 264 2828 as
273 2759 425 2834 Atticum,
453 2767 490 2826 ut
509 2777 605 2826 veros
625 2756 697 2823 illos
719 2777 796 2840 prae
818 2778 853 2822 se
874 2776 977 2843 paene
999 2762 1138 2840 agrestes
1158 2763 1259 2842 putet.
1303 2760 1375 2822 287.
1398 2761 1437 2822 At
1459 2756 1534 2843 quid
1556 2766 1604 2822 est
1717 2833 1723 2844 Ι

121 2863 164 2949 Ῑὁ
272 2860 337 2918 tam
368 2853 518 2930 fractum,
554 2861 618 2918 tam
645 2850 821 2927 minutum,
855 2859 920 2916 tam
949 2853 983 2916 in
1009 2851 1093 2934 ipsa,
1127 2870 1221 2935 quarn
1250 2859 1355 2916 tamen
1378 2851 1601 2936 consequitur,

113 2945 130 2958 ⁶
272 2947 481 3014 concinnitate
502 2945 648 3034 puerile?
669 2981 711 2995 -
732 2948 909 3012 Atticorum
932 2944 1050 3010 similes
1072 2944 1320 3012 essevolumus.
1344 2981 1386 2995 -
1409 2945 1544 3032 Optime.
1560 2981 1602 2994 -

272 3045 390 3107 Suntne
411 3041 507 3128 igitur
528 3040 563 3107 hi
585 3042 680 3106 Attici
701 3045 865 3107 oratores?
888 3071 926 3084 -
957 3039 1035 3118 Quis
1056 3059 1173 3124 negare
1195 3045 1319 3123 potest?
1342 3059 1383 3089 ...
1413 3041 1480 3105 llos
1502 3037 1603 3104 imita-

270 3156 353 3202 mur.
382 3170 424 3186 —
461 3138 533 3215 Quo
564 3139 677 3212 modo,
712 3136 768 3218 qui
795 3142 868 3200 sunt
893 3141 925 3199 et
949 3133 1033 3200 inter
1061 3154 1094 3200 se
1122 3135 1289 3201 dissimiles
1318 3144 1351 3201 et
1375 3134 1530 3201 aliorum?
1562 3169 1601 3184 -

234 3253 262 3296 m
271 3228 503 3318 Thucydidem,
534 3228 653 3314 iuquit,
685 3226 857 3294 imitamur.
879 3264 921 3278 -
953 3228 1095 3314 Optime,
1118 3228 1144 3294 si
1166 3229 1331 3295 historiam
1353 3231 1513 3305 scrihere,
1537 3249 1601 3294 non

270 3322 298 3388 si
319 3344 428 3388 causas
450 3325 558 3390 dicere
581 3321 734 3408 cogitatis.
778 3324 977 3412 Thucydides
1006 3323 1089 3388 enim
1112 3345 1217 3389 rerum
1240 3333 1399 3408 gestarum
1420 3325 1603 3411 pronuntia·

268 3425 321 3484 tor
334 3418 476 3484 sincerus
491 3425 523 3483 et
537 3419 664 3502 grandis
686 3416 781 3482 etiam
801 3414 880 3483 init:
904 3420 966 3482 hoc
985 3415 1127 3490 forense,
1151 3418 1433 3491 concertatorium.
1455 3417 1601 3485 iudiciale

268 3533 334 3579 non
355 3515 500 3579 tractavit
520 3533 631 3598 genus.
677 3514 846 3577 Orationes
858 3519 981 3588 autem,
1006 3532 1082 3596 quas
1103 3511 1292 3599 interposuit
1314 3548 1357 3562 -
1385 3514 1500 3581 multae
1517 3515 1599 3578 enim

269 3615 343 3674 sunt
356 3643 410 3686 -,
427 3629 481 3674 eas
497 3628 559 3694 ego
582 3608 711 3674 laudare
727 3606 835 3685 solen;
858 3605 975 3672 imitari
990 3627 1094 3690 neque
1108 3607 1243 3693 possim,
1265 3607 1292 3672 si
1306 3608 1412 3685 velim,
1435 3629 1493 3674 uec
1507 3607 1601 3673 velim

230 3701 420 3778 cslortasse,
455 3702 482 3768 si
502 3702 633 3790 possim.
676 3704 733 3778 Ut,
766 3700 794 3765 si
824 3699 894 3786 quis
922 3699 1057 3766 Falerno
1080 3702 1153 3766 vino
1177 3700 1368 3778 delectetur,
1403 3702 1459 3770 sed
1482 3723 1521 3768 eo
1543 3723 1600 3767 nec

161 3859 167 3879 ,
266 3797 312 3861 ita
332 3816 436 3874 novo,
460 3805 496 3862 ut
515 3800 671 3880 proximis
693 3795 877 3863 consulibus
897 3803 1006 3861 natum
1027 3796 1121 3871 velit,
1144 3817 1203 3862 nec
1224 3817 1333 3864 rursus
1354 3797 1397 3863 ita
1418 3806 1543 3873 vetere,
1565 3806 1601 3863 ut

147 3888 160 3962 ἶ
268 3889 427 3976 Opimium
449 3899 505 3957 ant
525 3893 669 3958 Anteium
692 3888 854 3980 consulem
875 3896 1020 3977 quaerat:
1045 3926 1087 3940 -
1106 3894 1194 3979 atqui
1214 3894 1276 3957 hac
1303 3898 1397 3958 nome
1422 3899 1494 3957 sunt
1518 3891 1600 3975 oph‘-

265 4004 352 4063 mae;
376 3983 490 4051 credo:
522 3989 577 4051 aed
600 3985 698 4051 nimia
719 3991 857 4051 vetustas
877 4005 937 4048 nec
958 3986 1056 4049 hahet
1077 4005 1164 4063 eam,
1189 4007 1284 4072 quam
1307 3985 1504 4072 quaerimus,
1527 4005 1598 4050 sua·

265 4079 395 4146 vitatem
415 4099 475 4146 nee
498 4088 547 4146 est
566 4079 629 4146 iam
651 4100 727 4148 sano
748 4077 938 4144 tolerabilis:
975 4082 1049 4144 288.
1073 4101 1150 4147 num
1170 4083 1284 4167 igitur,
1308 4081 1362 4168 qui
1383 4085 1445 4146 hoe
1466 4081 1598 4155 sentiat,

226 4199 256 4240 eo
267 4173 294 4238 si
324 4175 351 4238 is
373 4182 485 4257 potare
506 4175 601 4252 velit,
637 4178 677 4240 de
699 4172 784 4240 dolio
808 4173 869 4239 sihi
891 4172 1103 4241 hauriendum
1123 4181 1232 4263 putet?
1254 4175 1399 4248 minime,
1423 4176 1479 4239 sed
1502 4195 1599 4260 quan·

267 4269 338 4334 dam
361 4275 511 4354 sequatur
532 4277 681 4335 aetatem:
712 4303 754 4318 -
776 4270 821 4335 sic
841 4264 901 4353 ego
923 4269 992 4334 istis
1010 4269 1186 4336 censuerim
1209 4277 1241 4334 et
1260 4290 1375 4335 noram
1396 4267 1486 4336 istam
1509 4269 1597 4354 qnasi

266 4363 307 4428 de
331 4359 445 4448 [musto
468 4361 515 4448 ac]
539 4362 610 4430 lacu
630 4362 785 4429 fervidam
808 4365 983 4429 orationem
1011 4360 1192 4447 fugiendam
1214 4382 1272 4429 nec
1294 4362 1379 4429 illam
1401 4361 1597 4447 praeclaram

334 4571 362 4624 5.
381 4576 471 4624 entem
490 4585 542 4624 om.
562 4570 596 4623 It.
615 4595 649 4606 -
668 4570 851 4623 12111111)
870 4576 897 4624 et
916 4570 984 4624 Ccd.
1004 4571 1112 4624 Colace
1134 4574 1204 4623 s'dcm
1222 4584 1283 4624 cum
1304 4576 1398 4624 ceteris
1417 4573 1474 4622 llll.
1495 4595 1527 4607 -
1553 4571 1596 4622 15.

263 4641 331 4692 illud
348 4645 429 4693 etium
447 4644 522 4702 llhrl,
542 4641 608 4694 list
625 4641 718 4693 Lamb-
737 4643 834 4694 15881
854 4643 936 4692 stium
952 4643 1021 4694 illud
1039 4657 1099 4694 eum
1118 4644 1247 4705 Repetite.
1267 4642 1359 4694 hamb.
1381 4644 1411 4694 ll.
1432 4667 1464 4680 ·-
1483 4643 1527 4692 21.
1547 4642 1597 4692 Ds-

262 4713 393 4763 mostlmnt
413 4715 439 4764 1.
461 4715 478 4763 Ι.
498 4717 577 4766 etlam
597 4713 627 4764 Il.
647 4713 728 4766 Pauci
748 4714 884 4766 dumtaxat
901 4714 959 4765 llhrt
979 4721 1006 4765 et
1023 4715 1047 4765 n
1066 4715 1255 4766 Demosthenis.
1276 4738 1308 4752 -
1327 4715 1371 4764 28.
1391 4714 1419 4762 11
1438 4713 1483 4777 Lg.
1504 4713 1530 4764 8.
1551 4713 1594 4762 53.

262 4781 306 4832 58.
326 4781 371 4833 58.
390 4782 434 4834 88.
454 4785 499 4834 70.
519 4783 586 4836 Ven.
607 4785 633 4834 1.
655 4783 698 4836 Its
715 4787 736 4835 it
754 4798 814 4835 cnm
834 4786 929 4837 ceteris
945 4786 975 4835 ll.
998 4811 1027 4822 -
1048 4785 1092 4835 87.
1110 4785 1222 4848 tasng.
1242 4786 1268 4836 8.
1288 4784 1332 4836 ce.
1355 4781 1400 4836 58.
1420 4784 1465 4833 56.
1485 4783 1529 4836 dd.
1549 4783 1593 4832 7ο.

262 4851 330 4903 Ven.
345 4853 390 4902 1.=
410 4867 455 4905 ses
474 4868 533 4906 curn
551 4854 699 4906 11112.-
718 4855 764 4906 42.
784 4855 834 4908 Vs.
853 4861 941 4906 musto
970 4869 1002 4906 oc
1029 4862 1138 4908 auctore
1157 4855 1287 4909 Ellendtle
1314 4855 1480 4907 seclusimus.
1500 4853 1595 4916 (musto

262 4922 366 4974 ridetur
385 4927 497 4986 primum
516 4926 595 4990 gloss.
614 4925 697 4979 tulsss
715 4940 741 4981 v.
767 4923 848 4978 lucu:
875 4932 968 4989 postea
988 4929 1116 4978 Insertum
1135 4938 1195 4976 cum
1213 4935 1282 4988 part.
1302 4940 1334 4978 oc
1354 4926 1423 4985 tllhrt
1442 4925 1518 4990 longe
1537 4924 1595 4985 plu·

262 4989 332 5060 rtur)
350 4995 391 5047 rel
409 5002 434 5048 st
453 4991 531 5060 (Coe.
550 4997 618 5063 fleg.
638 4992 681 5063 G).
