3720 5840
688 431 763 498 LIB.
786 431 839 498 lv.
883 431 917 498 C.
940 431 993 496 43.
1016 431 1070 498 dl.
1095 431 1146 496 bd.
1537 429 1578 494 79

253 594 358 666 verbi,
380 587 431 655 cui
454 589 647 654 conclusioni
668 610 784 656 nomen
806 587 877 673 est]
932 593 1016 674 Ergo
1039 589 1221 656 huiusmodi
1243 587 1448 654 vehementer
1469 595 1579 654 ornata

253 687 369 773 poterit
391 703 460 749 esse
484 683 650 770 expolitio,
674 704 754 770 quae
777 685 933 749 constabit
954 707 995 750 cr
1016 683 1232 772 frequentibus
1254 679 1424 748 verborum
1447 703 1581 748 exorna·

255 779 393 846 tionibus
415 786 449 846 et
470 778 706 846 sententiarum.
752 782 822 844 Hoc
844 782 939 844 mode
962 783 1058 866 igitur
1078 786 1199 866 septem
1221 775 1361 864 partibus
1383 779 1577 843 tractabitur.

255 873 318 940 Sed
346 876 386 938 ab
420 875 562 938 eiusdem
592 875 763 938 sententiae
796 874 1071 943 non.rccedemus
1101 875 1263 960 exemplo,
1299 879 1335 937 ut
1362 874 1443 936 scire
1465 873 1579 957 possis,

255 989 349 1057 quam
370 967 460 1034 facile
481 970 703 1054 praeceptione
732 972 889 1035 rbetorica
913 991 967 1036 res
988 968 1121 1056 simplex
1143 967 1306 1054 multiplici
1328 969 1449 1032 ratione
1469 974 1583 1033 tracte-
1606 983 1619 1024 ⁵

255 1073 326 1130 tur:
364 1067 415 1128 57.
448 1066 577 1150 Sapiens
600 1063 721 1130 nullum
742 1085 801 1148 pro
823 1086 859 1131 re
882 1065 1008 1149 publica
1029 1063 1205 1148 periculum
1226 1064 1353 1136 vitabit,
1389 1061 1461 1128 ideo
1493 1065 1580 1150 quod

255 1182 349 1248 saepe
370 1159 424 1237 fit,
458 1167 508 1237 ut,
543 1179 697 1241 cumpro
719 1181 752 1224 re
774 1158 898 1245 publica
919 1161 1024 1245 perire
1046 1161 1204 1234 noluerit,
1241 1159 1418 1223 necessario
1442 1180 1514 1224 cum
1545 1177 1581 1223 re

255 1259 382 1342 publica
401 1263 521 1341 percat.
566 1257 607 1319 Et
638 1257 787 1341 quomam
820 1258 925 1321 omnia
957 1262 1030 1320 sunt
1064 1251 1229 1319 commoda
1262 1273 1281 1317 a
1308 1255 1407 1339 patria
1440 1262 1579 1337 accepta,

255 1353 376 1416 nullum
398 1351 636 1415 incommodum
656 1370 716 1432 pro
740 1351 840 1436 patria
862 1371 957 1435 grave
978 1353 1151 1435 putandum
1174 1355 1232 1413 est.
1277 1351 1362 1432 Ergo
1384 1348 1438 1434 qui
1460 1347 1584 1433 lugiunt

256 1444 288 1510 id
311 1445 499 1531 periculum,
522 1447 608 1531 quod
630 1464 687 1530 pro
710 1467 745 1509 re
766 1444 892 1531 publica
913 1448 1113 1510 subeundum
1128 1451 1197 1520 est,
1221 1445 1314 1507 stulte
1328 1443 1458 1507 iaciunt.
1503 1445 1582 1506 Nam
1593 1456 1621 1498 ¹⁰

256 1561 359 1627 neque
382 1539 521 1626 elingere
543 1539 742 1605 incommoda
764 1549 895 1626 possunt
921 1551 952 1604 et
979 1541 1093 1625 ingrati
1122 1541 1155 1604 in
1182 1539 1339 1602 civitatem
1370 1538 1581 1620 reperiuntur.

257 1641 315 1711 At,
351 1633 406 1721 qui
431 1636 551 1720 patriae
578 1635 720 1717 pericula
749 1654 806 1698 suo
840 1635 982 1716 periculo
1012 1641 1178 1721 expetunt,
1212 1631 1244 1700 bi
1275 1633 1431 1717 sapientes
1454 1634 1584 1715 putandi

258 1739 350 1804 sunt,
373 1749 444 1796 cum
467 1738 607 1803 etcum,
634 1749 728 1815 quem
750 1727 880 1803 debent,
903 1732 1059 1795 honorem
1080 1728 1293 1811 reipublicae
1315 1729 1451 1792 reddunt
1471 1735 1504 1793 et
1523 1747 1583 1813 pro

258 1827 364 1890 multis
385 1823 490 1910 perire
512 1824 632 1888 malunt
654 1843 747 1910 quam
770 1845 840 1888 cum
857 1825 974 1891 multis.
1018 1827 1143 1890 Etenim
1158 1826 1364 1889 vehementer
1380 1830 1429 1887 est
1441 1820 1584 1907 iniquum

258 1922 372 1997 vitam,
401 1939 501 2005 quam
530 1941 550 1984 a
576 1926 688 1984 natura
714 1928 875 2006 acceptam
896 1927 1027 2007 propter
1049 1922 1184 2004 patriam
1205 1919 1421 1994 conservaris,
1442 1925 1583 1993 naturae,
1594 1930 1622 1970 1⁵

260 2037 331 2082 cum
352 2023 458 2100 cogat,
496 2015 644 2086 reddere,
678 2014 817 2098 patriae,
853 2036 924 2080 cum
946 2022 1059 2099 roget,
1082 2036 1147 2079 non
1175 2017 1269 2092 dare;
1305 2021 1353 2088 et,
1383 2032 1454 2078 cum
1483 2012 1586 2098 possis

259 2130 330 2174 cum
352 2129 473 2174 summa
495 2109 610 2173 virtute
633 2114 665 2171 et
684 2111 806 2172 bonore
827 2129 885 2194 pro
906 2113 1007 2220 putria
1026 2112 1172 2184 interire,
1201 2111 1294 2174 malle
1316 2128 1374 2193 per
1395 2105 1532 2172 dedecus
1555 2112 1587 2170 et

259 2205 415 2287 ignaviam
436 2205 567 2278 vivere;
592 2207 638 2275 ot,
660 2222 731 2265 cum
753 2222 812 2284 pro
835 2207 942 2270 amicis
964 2215 996 2272 ct
1016 2208 1197 2316 parentibus
1219 2213 1252 2269 et
1273 2205 1386 2268 ceteris
1401 2201 1586 2266 necessariis

260 2300 347 2363 adire
369 2296 544 2384 periculum
565 2297 663 2370 velis,
691 2316 751 2382 pre
774 2317 809 2360 re
831 2275 979 2384 pirblica,
1014 2303 1128 2388 inqua
1151 2300 1282 2364 ethaeo
1305 2305 1337 2362 et
1357 2293 1435 2361 illud
1458 2297 1587 2360 sanctis·

261 2394 372 2456 simum
403 2411 518 2456 nomen
543 2392 663 2476 patriae
692 2393 904 2466 continentur,
941 2396 1066 2458 nolle
1057 2416 1090 2458 ιι
1119 2395 1288 2458 discrimen
1316 2392 1434 2456 venire.
1478 2393 1625 2477 ltaqneu

260 2489 306 2552 uti
328 2483 575 2552 contemnendus
597 2494 665 2559 est,
686 2486 740 2570 qui
762 2485 795 2549 in
816 2488 942 2571 navigio
964 2509 998 2552 se
1020 2508 1114 2574 quam
1127 2489 1230 2552 navim
1246 2483 1364 2550 mavult
1385 2486 1587 2559 incolumem,

261 2582 304 2648 ita
323 2581 564 2667 vituperandus,
598 2580 653 2666 qui
683 2580 715 2642 in
742 2581 958 2665 reipublicae
986 2581 1166 2646 discrimine
1194 2600 1268 2646 suae
1291 2579 1361 2665 plus
1384 2599 1477 2665 ιιιιιιιιι
1500 2599 1587 2644 com-

262 2678 349 2740 muni
370 2674 462 2740 saluti
484 2674 629 2738 consulit.
674 2675 753 2738 Navi
775 2675 858 2738 enirn
881 2673 997 2752 fracta,
1021 2676 1110 2742 multi
1132 2673 1307 2742 incolumes
1330 2681 1511 2751 evaserunt3
1547 2695 1588 2738 er

261 2767 424 2856 naulragio
445 2767 563 2855 patriae
587 2769 691 2832 salvus
713 2788 808 2831 nemo
830 2776 935 2851 potest
956 2779 1092 2836 enatme.
1144 2771 1238 2847 Quod
1260 2768 1337 2834 mibi
1357 2770 1440 2832 bene
1462 2766 1588 2833 videtur

262 2865 375 2930 Decius
397 2862 605 2938 intellexisse,
636 2863 691 2947 qui
713 2883 747 2926 se
770 2864 933 2928 devovisse
955 2862 1069 2931 dicitur
1091 2872 1123 2930 et
1141 2884 1201 2950 pro
1224 2863 1401 2948 legionibus
1423 2863 1456 2926 in
1478 2864 1586 2928 hostes
1595 2883 1624 2926 rs

262 2957 428 3024 immisisse
452 2957 592 3034 medi0s3
616 2959 700 3021 unde
722 2956 828 3021 amisit
848 2959 963 3036 vitam,
988 2969 1020 3026 at
1039 2983 1104 3026 non
1126 2959 1276 3043 perdidit.
1321 2961 1366 3024 Rc
1390 2957 1476 3022 enim
1497 2956 1586 3022 vilis-

263 3056 341 3122 sima
363 3073 466 3118 caram
488 3060 521 3117 et
542 3071 637 3138 parva
659 3050 826 3116 maximam
848 3054 993 3119 redemit.
1038 3055 1131 3121 Dedit
1152 3054 1268 3129 vitam,
1292 3055 1414 3135 accepit
1435 3053 1586 3139 patriam3

263 3147 367 3214 amisit
381 3150 527 3224 animam,
552 3149 670 3231 potitus
693 3154 740 3212 est
763 3148 885 3231 gloria,
909 3168 990 3234 quae
1013 3170 1084 3215 cum
1108 3168 1230 3214 summa
1253 3149 1344 3212 laude
1359 3148 1486 3230 prodita
1499 3154 1589 3212 vetu-

264 3251 343 3310 state
365 3243 505 3330 quotidie
527 3245 627 3327 magis
649 3244 803 3307 enitescit.
864 3242 986 3319 Quodsi
1012 3265 1070 3326 pro
1094 3265 1128 3307 re
1150 3242 1279 3326 publica
1300 3243 1414 3306 decere
1437 3243 1588 3306 accedere

264 3341 303 3404 ad
323 3338 497 3426 periculum
521 3346 553 3404 et
573 3340 695 3405 ratione
718 3341 965 3403 demonstratum
987 3345 1034 3403 est
1056 3345 1088 3404 et
1109 3339 1257 3420 exemplo
1281 3339 1535 3422 comprobatum,
1565 3336 1589 3399 ii
1599 3357 1627 3400 ιι

265 3433 419 3520 sapientes
453 3441 525 3498 sunt
554 3432 774 3508 existimandi,
811 3434 864 3517 qui
894 3435 1016 3498 nullum
1047 3454 1105 3516 pro
1134 3435 1234 3498 salute
1265 3432 1383 3516 patriae
1410 3432 1589 3512 periculum

264 3526 372 3592 vitant
417 3529 469 3592 58.
494 3530 530 3592 lo
552 3527 599 3594 bis
621 3527 716 3611 igitur
738 3526 908 3612 generibus
931 3527 1081 3614 expolitio
1104 3537 1263 3602 versatur,
1298 3528 1337 3590 de
1360 3545 1422 3611 qua
1444 3528 1589 3609 producti

266 3643 395 3698 snmus,
428 3629 463 3685 ut
483 3624 575 3705 plura
597 3621 796 3698 diceremus,
831 3625 916 3709 quod
939 3645 1003 3688 non
1032 3625 1148 3701 modo,
1186 3643 1257 3688 cum
1288 3640 1413 3685 causam
1443 3621 1587 3697 dicimus,

265 3715 392 3781 adiuvat
413 3724 445 3780 et
465 3724 597 3808 exornat
627 3699 826 3792 orationem,
862 3720 919 3782 sed
948 3720 1046 3782 multo
1070 3717 1208 3783 maxime
1230 3736 1289 3804 per
1310 3735 1379 3780 eam
1403 3735 1591 3781 exercemur

266 3813 306 3876 ad
329 3810 515 3876 elocutionis
538 3813 728 3878 facultatem.
775 3812 879 3888 Quare
903 3815 1070 3877 conveniet
1093 3822 1182 3878 entra
1205 3831 1330 3876 causam
1352 3809 1386 3874 in
1410 3812 1628 3875 exercendoss

266 3904 404 3971 rationes
426 3908 577 3972 adhibere
600 3907 822 3993 expolitionis,
847 3908 880 3971 in
904 3906 1037 3973 diceudo
1060 3907 1126 3980 nti,
1156 3929 1228 3973 cum
1251 3905 1476 3970 exornabimus
1499 3925 1591 3990 argu-

267 4002 513 4078 mentationem,
537 4005 659 4089 quade
683 4023 718 4066 re
741 4000 910 4066 diximus'
902 4025 934 4066 m
955 4003 1038 4066 libro
1062 4006 1213 4068 secundo.

351 4098 444 4162 XLV.
483 4099 694 4164 commoratio
729 4103 798 4172 est,
834 4117 904 4161 cum
931 4096 963 4162 iu
992 4099 1063 4160 loco
1086 4095 1285 4176 firmissimo,
1325 4121 1388 4188 quo
1411 4104 1591 4163 totacanse

269 4191 466 4268 continetur,
490 4199 634 4256 manetur
657 4193 772 4255 diutius
796 4193 961 4257 eteoclem
984 4191 1109 4275 saepius
1132 4195 1260 4263 reditur.
1303 4197 1370 4259 Hac
1385 4195 1431 4261 uti
1452 4194 1590 4260 maxime

269 4287 416 4350 convenit
449 4295 480 4351 et
505 4289 537 4351 id
566 4293 613 4351 est
642 4285 774 4351 oratoris
804 4287 881 4350 boni
913 4287 1048 4352 manime
1078 4291 1253 4372 proprium.
1299 4293 1370 4354 Non
1395 4293 1478 4355 enim
1500 4291 1630 4354 dataro

337 4471 365 4521 t.
385 4467 656 4531 Sedletl’ATTn-
677 4469 1043 4522 reconsecratum.-
1073 4471 1346 4536 ’1.ιιιριιιιιιιΡΤ,
1375 4479 1593 4542 ιιιριᾳιιιιιιιι

270 4539 302 4592 Τ.
324 4565 355 4578 -
385 4539 539 4606 ιιιιιιιιιιο]
558 4554 657 4592 meuse
674 4544 725 4592 erit
743 4541 833 4591 PTRT
852 4547 878 4592 et
897 4555 936 4603 pr.
956 4543 989 4592 A.
1022 4543 1111 4606 (Haud
1137 4549 1225 4608 inepte
1249 4549 1329 4609 tgttur
1348 4551 1386 4601 stc
1410 4548 1589 4600 scriberetur.

270 4612 436 4676 qnodscspe
454 4614 566 4678 quipse
584 4613 907 4674 reppertrcooloertt,
926 4626 1024 4662 ιιιιιιι
1042 4617 1091 4665 crit
1111 4629 1170 4664 cum
1190 4623 1240 4667 cet.
1258 4615 1366 4680 Οιι.)-
1386 4620 1593 4673 &emmusunt

271 4681 1284 4739 rausumsemomntotta·15.comcroaroearn'reseon.az
1313 4693 1506 4742 comeruaocrts
1525 4689 1545 4740 ll
1566 4693 1593 4740 et

273 4767 312 4816 pr.
332 4754 414 4802 A.-
437 4755 480 4804 21.
500 4756 609 4818 occipio
628 4753 739 4804 aeaut
758 4759 880 4805 etcetert
901 4757 1037 4806 melioret:
1057 4758 1310 4822 navipundosset,
1330 4769 1359 4812 ut
1379 4763 1500 4824 ridetur,
1516 4761 1592 4812 B.-

271 4823 316 4874 22.
334 4825 527 4886 vituperandus
546 4831 584 4874 eat
602 4825 708 4876 llT.-
739 4823 781 4875 23.
803 4825 872 4877 Navi
888 4824 1040 4876 PNJtBTRT
1068 4827 1247 4879 Neoebn-
1278 4796 1322 4882 29.
1342 4834 1411 4885 onds
1431 4846 1483 4884 om.
1503 4829 1593 4882 PTRT

273 4901 299 4944 et
318 4906 358 4955 pr.
378 4895 471 4945 A.-
501 4895 545 4945 27.
574 4910 666 4948 caram
690 4896 754 4948 Cod.
775 4896 803 4944 ll.
826 4895 1022 4947 blademannl:
1053 4903 1150 4948 emtum
1171 4899 1212 4950 llll
1231 4906 1257 4952 et
1274 4914 1342 4954 corr
1363 4907 1393 4956 A.
1414 4903 1519 4955 Adtect.
1540 4916 1593 4954 em.

272 4963 361 5015 arur
380 4972 406 5015 et
425 4968 562 5028 pr..A-
532 4968 625 5018 -28,
647 4967 762 5032 utorium
778 4966 905 5016 uult.-
923 4966 967 5016 29.
986 4969 1128 5028 ἀιιιιιΒ,
1148 4983 1186 5030 pr.
1203 4971 1232 5030 P,
1252 4985 1320 5024 cerr.
1339 4974 1377 5024 ll:
1398 4972 1592 5026 debsrcATTll

273 5035 435 5160 pembprsslt
448 5043 475 5091 et
493 5050 560 5090 corr.
579 5038 653 5092 Τ).-
676 5037 719 5088 37.
739 5052 791 5104 quc
807 5040 840 5090 de
857 5049 885 5092 re
903 5037 965 5088 ΤΤι
985 5040 1015 5091 cte
1033 5052 1086 5106 poc
1103 5053 1132 5092 ιι
1145 5041 1252 5103 PABR
1273 5043 1307 5094 dc
1325 5057 1378 5110 quc
1396 5046 1459 5112 (om.
1472 5045 1513 5110 ιι)
1532 5055 1593 5096 cum

296 5122 337 5159 ιιι
