3720 5840
772 472 847 537 LIB.
868 471 894 538 l.
938 471 971 536 C.
993 473 1023 538 l.
1046 475 1076 539 5.
1098 474 1129 538 6.
1554 475 1594 538 91

278 653 402 701 omnem
435 633 571 698 rhetoris
602 634 634 696 ri
667 638 699 698 et
730 629 862 698 artificio
894 634 1065 710 contineri,
1102 653 1217 718 magno
1256 655 1353 718 opere
1388 631 1595 700 dissentimus.

278 733 384 809 Quare
405 731 486 794 banc
507 729 678 794 oratoriam
699 726 875 793 facultatem
896 728 930 791 iu
952 748 990 792 eo
1013 749 1126 812 genere
1148 749 1320 813 ponemus,
1350 736 1385 792 ut
1406 749 1475 793 eam
1496 728 1597 794 civilis

278 823 426 889 scientiae
447 831 566 908 partem
589 842 657 886 esse
685 822 834 886 dicamus.
894 819 1038 887 Officium
1067 830 1170 886 autem
1198 823 1264 887 eius
1293 821 1445 887 facultatis
1474 824 1598 888 videtur

278 939 347 984 esse
369 919 475 982 dicere
497 916 638 1002 apposite
660 918 699 981 ad
722 917 972 997 persuasionem
1007 914 1077 980 finis
1105 915 1294 999 persuadere
1315 915 1465 981 dictione.
1510 919 1597 982 Inter

279 1011 415 1078 cilicium
437 1020 468 1076 et
488 1008 582 1075 finem
603 1012 664 1075 hoc
685 1012 833 1085 interest,
857 1009 942 1095 quod
963 1011 996 1073 in
1017 1009 1133 1086 officio,
1157 1013 1232 1096 quid
1255 1010 1339 1086 lieri,
1363 1013 1396 1074 in
1413 1008 1494 1088 fine,
1519 1009 1620 1096 quide

278 1106 382 1174 officio
404 1108 588 1181 conveniat,
621 1104 846 1169 consideratur.
891 1105 930 1168 Ut
950 1106 1063 1168 medici
1085 1103 1222 1170 officium
1235 1105 1374 1180 ,dicimus
1397 1127 1465 1171 esse
1487 1125 1598 1171 curare

278 1202 316 1267 ad
339 1203 508 1267 sanandum
531 1199 694 1283 apposite,
717 1199 810 1265 finem
832 1219 943 1263 sanare
965 1198 1143 1278 curatione;
1166 1200 1256 1276 item,
1279 1204 1412 1266 oratoris
1434 1202 1510 1286 quid
1532 1198 1600 1264 offi-

279 1299 360 1361 cium
390 1304 421 1360 et
450 1295 525 1381 quid
552 1293 646 1360 linem
670 1316 738 1360 essa
765 1297 924 1368 dicamus,
957 1293 1187 1378 intelligemus,
1222 1317 1292 1360 cum
1318 1298 1362 1372 id,
1387 1299 1471 1381 quod
1492 1295 1597 1361 facere

278 1389 390 1466 debet,
424 1389 561 1456 officium
588 1411 657 1456 esse
687 1393 847 1466 dicemus,
879 1387 974 1464 illud,
1011 1390 1097 1453 cuius
1120 1410 1212 1455 causa
1233 1390 1337 1460 facere
1359 1393 1474 1466 debet,
1504 1389 1598 1455 finem

279 1487 519 1573 appellabimus.
1607 1502 1636 1544 ao

361 1583 392 1643 7.
428 1579 590 1646 Materiam
617 1583 692 1645 artis
723 1600 791 1644 eam
819 1580 966 1654 dicimus,
998 1581 1032 1644 in
1061 1601 1123 1665 qua
1150 1579 1252 1644 omnis
1273 1601 1322 1646 ars
1345 1587 1376 1645 et
1397 1600 1434 1645 ea
1456 1577 1597 1655 facultas,

280 1694 360 1760 quae
388 1672 551 1742 conficitur
580 1695 620 1741 cx
649 1684 731 1749 arte,
762 1683 914 1739 versatur.
960 1675 998 1738 Ut
1025 1673 1052 1739 si
1080 1677 1255 1739 medicinae
1277 1677 1441 1740 materiam
1462 1672 1600 1739 dicamus

279 1772 406 1832 morbos
428 1788 463 1832 ac
485 1772 635 1846 vulnera,
659 1771 742 1854 quod
763 1771 795 1832 io
816 1770 865 1833 bis
885 1771 987 1833 omnis
1008 1767 1162 1833 medicina
1188 1776 1344 1844 versetur,
1367 1767 1460 1844 item,
1485 1766 1599 1854 quibus

278 1862 311 1927 in
332 1864 428 1928 rebus
449 1874 591 1946 uersatur
613 1885 664 1929 ars
687 1872 719 1928 et
739 1861 869 1927 facultas
892 1864 1045 1940 oratoria,
1069 1883 1122 1927 cas
1147 1883 1200 1927 res
1222 1863 1384 1928 materiam
1406 1863 1481 1928 artis
1496 1865 1602 1929 rbeto·
1682 1853 1746 1941 Aa

279 1956 363 2022 ricae
385 1961 592 2023 nominamus.
635 1961 699 2024 Has
721 1967 825 2022 autem
847 1976 899 2021 res
913 1957 965 2021 alii
980 1959 1102 2042 plures,
1127 1956 1180 2021 alii
1195 1961 1357 2041 pauciores
1372 1956 1636 2024 existimaturos

277 2037 358 2116 llam
381 2053 512 2136 Gorgias
532 2053 720 2128 Leontinus,
755 2051 987 2135 antiquissimus
1008 2049 1076 2117 lere
1098 2051 1226 2132 rhetor,
1261 2057 1406 2119 omnibus
1437 2055 1476 2118 de
1504 2056 1600 2118 rebus
1702 2036 1728 2116 ί

280 2154 437 2211 oratorem
467 2146 585 2230 optime
613 2167 707 2231 posse
736 2148 841 2210 dicere
864 2145 1063 2210 existimavit.
1108 2145 1168 2211 llic
1189 2144 1342 2212 infinitam
1364 2155 1395 2211 et
1415 2147 1600 2212 immensam

279 2244 352 2306 huic
379 2239 510 2306 artificio
539 2240 700 2307 materiam
730 2238 885 2304 subiicere
912 2241 1047 2303 videtur.
1099 2240 1283 2305 Aristoteles
1306 2249 1429 2316 autem,
1452 2243 1504 2327 qui
1529 2240 1600 2304 buic

280 2335 339 2400 arti
360 2336 495 2421 plurima
517 2337 696 2400 adiumenta
718 2343 809 2418 atque
831 2341 1013 2398 ornamenta
1035 2334 1294 2409 subministravit,
1329 2337 1429 2400 tribus
1451 2337 1484 2402 in
1507 2356 1601 2420 gene-

280 2431 367 2494 ribus
389 2449 494 2493 rerum
516 2431 636 2494 versari
657 2428 793 2493 rhetoris
815 2425 953 2492 officium
973 2429 1115 2513 putavit,
1146 2429 1411 2507 demonstrativo,
1446 2432 1638 2497 delibera-ao
1718 2476 1738 2514 ,-

281 2525 367 2598 tivo,
400 2522 546 2589 iudiciali.
592 2521 877 2590 Demonstrativum
904 2531 969 2597 cst,
1005 2522 1089 2606 quod
1117 2521 1265 2587 tribuitur
1291 2522 1324 2588 in
1345 2524 1475 2590 alicuius
1497 2535 1600 2591 certae

280 2637 433 2704 personae
462 2622 588 2684 laudern
617 2626 671 2684 aut
698 2615 975 2702 vituperationem
1009 2613 1262 2692 deliberativum,
1298 2621 1382 2702 quod
1409 2619 1546 2701 positum
1568 2620 1600 2685 io

282 2711 505 2798 disceptatione
539 2720 570 2778 et
599 2711 824 2777 consultatione
852 2711 938 2775 civili
965 2709 1059 2775 babet
1085 2711 1173 2774 inse
1205 2711 1375 2776 sententiae
1410 2714 1598 2794 dictionem3

281 2807 440 2883 iudiciale,
473 2809 557 2892 quod
585 2806 722 2890 positum
750 2806 785 2870 in
812 2804 929 2871 iudicio
958 2800 1051 2869 babet
1078 2803 1112 2868 in
1134 2825 1168 2868 se
1189 2805 1419 2872 accusationem
1442 2815 1473 2874 et
1493 2808 1602 2876 defen-

282 2901 403 2966 sionem
443 2910 496 2966 aut
532 2899 716 2987 petitionem
749 2909 780 2965 et
812 2900 1050 2966 recusationem.
1106 2901 1166 2973 Et,
1201 2899 1463 2984 quemadmodum
1494 2905 1638 2969 ndstrass
1724 2951 1727 2960 .

283 2999 409 3083 quidem
437 2994 498 3062 fert
523 2997 652 3079 opinio,
687 2995 820 3061 oratoris
850 3015 901 3060 ars
931 3003 963 3059 ct
990 2992 1120 3058 facultas
1148 2993 1181 3058 in
1206 2995 1266 3059 bac
1288 2995 1420 3063 materia
1447 2998 1602 3081 tripertita

281 3090 402 3157 versari
424 3091 627 3182 existimanda
643 3098 699 3154 cst.
744 3093 795 3155 Vl.
818 3093 847 3155 8.
870 3095 949 3154 Nam
971 3090 1181 3172 Hermagoras
1204 3087 1331 3172 quidem
1354 3112 1411 3155 nec
1431 3091 1505 3176 quid
1521 3092 1603 3157 dicat
1689 3095 1744 3186 (J,

283 3189 444 3252 attendere
467 3207 525 3249 nec
547 3176 622 3269 quid
643 3184 828 3271 polliceatur
849 3183 1024 3267 intelligere
1045 3181 1185 3258 videtur,
1209 3182 1264 3269 qui
1285 3183 1419 3250 oratoris
1437 3186 1601 3252 materiam
1661 3207 1666 3216 ·
1710 3167 1727 3192 Ν

282 3283 315 3345 in
345 3300 469 3345 causam
496 3287 527 3344 et
553 3281 586 3344 in
616 3278 831 3363 quaestionem
860 3277 987 3344 dividat.
1039 3279 1170 3342 Causam
1199 3297 1268 3342 esse
1298 3277 1372 3343 dicit
1401 3301 1487 3356 rem,
1521 3303 1603 3367 quae

282 3373 395 3439 babeat
424 3378 456 3437 io
484 3394 517 3438 se
551 3375 794 3438 controversiam
817 3375 849 3436 iu
871 3371 1003 3437 diceudo
1025 3375 1157 3453 positam
1180 3392 1250 3437 cum
1272 3393 1481 3455 personarum
1503 3385 1640 3448 certa-³0

282 3490 354 3535 rum
375 3467 614 3554 interpositione
626 3489 635 3547 ;
670 3486 764 3552 quam
790 3487 848 3531 nos
877 3485 1004 3550 quoque
1025 3466 1143 3532 oratori
1166 3465 1297 3532 dicimus
1320 3489 1389 3533 esse
1411 3465 1600 3535 attributam.

283 3569 361 3630 Nam
384 3571 446 3628 tres
468 3560 498 3626 ei
520 3569 649 3645 partes,
674 3581 751 3645 quas
774 3569 844 3625 ante
866 3563 1020 3635 diximus,
1044 3565 1265 3645 supponimus,
1296 3560 1495 3639 iudicialem,
1527 3564 1605 3628 deli-

167 3689 172 3704 ·
284 3656 477 3732 berativam,
512 3651 797 3720 demonstrativam.
843 3655 1066 3732 Quaestionem
1096 3665 1200 3720 autem
1231 3676 1300 3750 eam
1330 3660 1487 3743 appellat,
1524 3678 1604 3752 qupe
1674 3641 1718 3725 »i«

283 3755 397 3818 babeat
425 3750 457 3816 in
487 3769 520 3814 se
550 3747 791 3814 controversiam
821 3748 854 3814 iu
877 3751 1009 3814 diceudo
1032 3749 1163 3834 positam
1186 3753 1252 3815 sine
1275 3759 1431 3817 certarum
1453 3771 1604 3838 persona-

285 3866 354 3912 rum
378 3843 635 3931 interpositione,
668 3843 811 3908 adhunc
834 3842 984 3909 modum:
1018 3843 1135 3929 Ecquid
1158 3843 1197 3911 sit
1218 3847 1336 3910 bonum
1359 3855 1486 3929 praeter
1506 3851 1641 3920 hone-as

285 3944 422 4004 statem?
453 3939 569 4003 Variae
598 3939 660 4003 sint
686 3944 821 4004 sensus?
857 3941 945 4022 Quae
974 3942 1015 4003 sit
1043 3936 1151 4003 mundi
1180 3937 1308 4004 format
1345 3941 1435 4018 Quae
1464 3945 1503 4007 sit
1529 3941 1604 4008 solis

285 4037 487 4119 maguitudd‘t
524 4035 609 4111 Quas
637 4033 836 4119 quaestiones
863 4033 974 4119 procul
1000 4030 1039 4098 ab
1068 4031 1199 4098 oratoris
1229 4031 1335 4100 officio
1356 4023 1492 4100 remotas
1514 4034 1604 4101 facile

286 4149 394 4195 omnes
425 4127 601 4213 intelligere
622 4127 844 4194 existimamus.
888 4131 981 4198 Nam.
1016 4125 1128 4212 quibus
1155 4126 1188 4190 iu
1217 4124 1310 4192 rebus
1338 4149 1459 4194 summa
1480 4127 1606 4214 ingenia

285 4224 540 4311 pbilosophorum
573 4224 708 4310 plurimo
736 4243 806 4288 cum
836 4225 946 4288 labore
978 4228 1161 4305 consumpta
1183 4220 1403 4306 intelligimus,
1440 4243 1492 4290 eas
1525 4224 1605 4290 sicut

286 4319 405 4405 aliquas
436 4339 546 4404 parvas
578 4339 630 4383 res
660 4320 775 4383 oratori
805 4315 975 4382 attribuere
1002 4333 1113 4402 magna
1143 4316 1278 4381 amentia
1305 4317 1439 4384 videtur.
1484 4319 1603 4398 Quodsi
1613 4348 1643 4392 aa

286 4433 428 4496 maguam
450 4413 483 4478 iu
503 4413 552 4478 bis
573 4416 784 4498 Hermagoras
805 4411 964 4477 habuisset
985 4409 1161 4476 facultatem
1183 4410 1283 4476 studio
1300 4419 1330 4475 et
1344 4411 1505 4498 disciplina
1519 4435 1605 4480 com·

285 4516 446 4595 paratam,
484 4507 644 4572 videretur
672 4506 770 4572 fretus
799 4527 855 4572 sua
883 4507 1011 4572 scientia
1037 4503 1147 4571 falsum
1176 4505 1323 4590 quiddam
1345 4507 1543 4573 constituisse
1566 4511 1605 4573 de

357 4709 383 4760 1.
404 4707 509 4758 liabent
526 4708 552 4758 b.
574 4709 591 4758 Ι.
611 4722 708 4773 magno
726 4720 803 4771 opere
819 4707 882 4770 ΛΤ,
912 4715 943 4758 ut
961 4723 1008 4759 nos
1027 4709 1128 4773 ubique
1146 4706 1260 4759 scribere
1278 4707 1402 4760 solemus.
1433 4736 1462 4748 -
1494 4712 1521 4762 5.
1547 4711 1606 4777 ofli-

287 4781 357 4831 dum
373 4779 484 4829 PART:
515 4777 630 4844 officium
648 4787 735 4830 cutem
754 4779 783 4829 ll.
804 4803 835 4815 —
862 4779 889 4834 8.
908 4780 1077 4842 intelligimus
1093 4805 1105 4817 ·
1123 4805 1133 4817 ·
1152 4779 1261 4830 dicimus
1279 4805 1290 4817 ·
1308 4803 1318 4816 ·
1337 4781 1500 4842 appellamus
1523 4781 1552 4831 l).
1573 4808 1602 4820 -

278 4853 331 4914 .¹⁵·
350 4853 536 4902 existimarunt
555 4850 637 4902 l’dT:
656 4851 870 4901 existimauerunt
888 4849 964 4899 Villi.
985 4874 1017 4885 —
1037 4851 1080 4899 23.
1098 4851 1282 4913 disceptatione
1298 4853 1323 4902 et
1341 4852 1533 4904 consultatione
1553 4866 1604 4904 orn.

287 4921 350 4978 AT:
370 4934 411 4972 rr.
433 4929 458 4971 et
477 4921 666 4972 consultatione
684 4921 817 4972 dumtaxat
835 4932 887 4970 orn.
909 4925 959 4969 tres
979 4918 1070 4979 0cd.,
1097 4923 1153 4983 tpso
1180 4919 1317 4983 probante,
1335 4925 1398 4973 item
1418 4937 1458 4986 pr.
1477 4923 1516 4983 P,
1544 4923 1604 4974 add.

288 4995 315 5043 to
334 4991 451 5043 eiusdem
470 5006 522 5055 mg.
542 4989 610 5042 Sane
628 4994 776 5056 susptctone
794 5003 845 5041 non
865 4995 963 5042 carent.
989 5016 1021 5026 -
1048 4991 1092 5040 29.
1119 4992 1191 5042 dicct
1209 4991 1267 5052 ΡΤ,
1297 4995 1359 5043 ttem
1379 5006 1446 5044 corr.
1468 4995 1509 5054 A,
1530 4999 1557 5044 et
1573 5007 1604 5046 ea

288 5063 345 5114 attts
358 5059 452 5116 Graes.
471 5061 517 5113 Est
529 5071 617 5114 autem
635 5063 839 5113 accommodatio
852 5061 885 5112 ad
897 5075 923 5114 v·
936 5061 1047 5114 diuidat.
1068 5067 1095 5112 et
1105 5064 1238 5116 tndtcattr.
1258 5063 1363 5114 firmant
1376 5064 1421 5117 va
1435 5071 1462 5116 et
1473 5078 1514 5132 pr.
1528 5069 1560 5116 Α·
1575 5085 1602 5100 -

288 5132 332 5186 86.
353 5131 424 5197 Quae
441 5136 476 5185 eit
493 5134 555 5186 eolis
575 5132 704 5186 vasus:
725 5133 798 5204 Quos
815 5133 879 5188 tolia
897 5135 962 5196 (oua.
983 5131 1038 5200 ait.)
1054 5132 1085 5188 u.
