3720 5840
632 431 706 494 LlB.
731 431 784 496 lV.
831 429 867 494 C.
891 433 943 497 28.
967 433 1017 496 29.
1040 434 1092 498 30.
1328 481 1330 487 ι
1482 439 1521 503 ab

202 601 290 670 sunt;
322 610 402 678 quae
424 587 486 655 dici
507 593 650 676 possunt,
681 610 744 656 non
766 588 922 656 dicuntur.
967 594 1062 657 item:
1098 593 1213 658 Poima
1234 591 1365 680 loquens
1386 595 1521 682 pictura,

200 690 322 775 pictura
342 685 470 750 tacitum
492 693 606 768 poiima
628 683 722 750 debet
743 705 823 750 esse.
868 689 963 750 Item:
989 687 1069 762 Quia
1092 685 1201 752 stultus
1224 709 1276 763 es,
1301 709 1338 753 ea
1359 710 1395 754 re
1418 700 1518 771 taces3

201 790 410 853 nontamen,
434 779 505 865 quia
528 788 631 854 taces,
655 799 692 843 ea
713 799 749 843 re
770 780 881 846 stultus
903 801 948 844 es.
993 784 1063 844 Non
1085 789 1189 866 potest
1209 780 1286 856 dici,
1320 803 1412 870 quam
1435 807 1520 851 com·

201 878 294 946 mode
317 877 384 951 liat,
420 896 490 940 cum
512 875 686 940 contrariae
709 875 880 939 sentcntiae
901 873 1051 940 relatione
1072 873 1168 940 verba
1191 897 1316 963 quoque
1338 893 1520 946 convertan-

201 981 263 1044 tur.
306 975 403 1038 Plura
424 968 614 1035 subiecimus
637 967 803 1054 exempla,
837 976 886 1042 ut,
925 968 1073 1056 quoniam
1103 969 1229 1035 difficile
1260 979 1305 1035 est
1335 972 1393 1038 hoc
1422 996 1542 1060 gennas

202 1067 415 1133 exornationis
436 1065 580 1138 inventu,
615 1062 784 1128 dilucidum
799 1071 903 1138 esset,
936 1072 987 1139 ει,
1021 1085 1092 1129 cum
1114 1063 1194 1129 bene
1215 1074 1296 1130 esset
1316 1067 1518 1148 intellectum,

200 1162 321 1228 facilius
346 1158 532 1225 indicendo
555 1160 760 1223 inveniretur.
1168 1201 1171 1206 -

285 1259 401 1322 xxix.
425 1256 590 1319 Permissio
613 1262 676 1328 est,
701 1275 770 1318 cum
794 1252 986 1318 ostendimus
1009 1252 1041 1317 in
1064 1252 1196 1321 diceudo
1218 1278 1275 1322 nos
1297 1258 1431 1346 aliquam
1453 1282 1521 1326 rem

200 1359 297 1418 totam
320 1351 444 1416 tradere
472 1356 503 1413 ει
530 1353 704 1414 concedere
732 1348 861 1413 alicuius
883 1348 1050 1425 voluntati,
1075 1350 1141 1414 sic:
1177 1352 1350 1430 Quoniam,
1375 1356 1520 1422 omnibus

200 1447 294 1514 rebus
317 1445 456 1532 ereptis,
486 1445 572 1508 solus
594 1452 740 1526 superest
761 1445 882 1507 animus
905 1450 937 1506 ει
958 1463 1090 1527 corpus,
1125 1447 1203 1509 baec
1224 1446 1309 1533 ipsa,
1341 1470 1421 1535 quae
1444 1451 1557 1515 mihim

200 1543 240 1609 de
262 1542 365 1608 multis
395 1539 461 1605 sola
491 1539 601 1603 relicta
628 1546 716 1612 sunt,
751 1535 841 1604 vobis
872 1545 903 1601 ει
932 1546 1055 1603 vestrae
1088 1538 1232 1606 condono
1253 1544 1411 1627 potestati.
1459 1549 1521 1611 Vos

200 1659 250 1702 me
272 1646 391 1710 vestro,
421 1655 484 1721 quo
507 1640 596 1719 paeto
618 1633 707 1698 vobis
729 1631 908 1708 videbitur,
943 1635 1072 1698 utamini
1095 1643 1187 1721 atque
1217 1637 1387 1702 abutamini
1415 1639 1522 1705 licebit

200 1735 348 1816 impune3
381 1730 413 1794 in
435 1749 499 1802 me,
533 1726 684 1813 quidquid
715 1727 807 1802 libet,
838 1727 980 1804 statuite;
1013 1728 1125 1806 dicito,
1150 1740 1243 1816 atque
1273 1733 1510 1819 obtemperabo.

199 1828 268 1890 Hoc
290 1845 388 1908 genus
412 1821 533 1886 tametsi
561 1820 636 1885 alias
659 1843 783 1908 quoque
806 1842 1028 1909 nonnunquam
1051 1825 1243 1890 tractandum
1266 1835 1327 1904 est,
1357 1837 1459 1893 tamen
1481 1833 1520 1894 ad

199 1917 444 1985 misericordiam
467 1919 726 1981 commovendam
748 1917 1021 1983 vehementissime
1043 1927 1091 1984 est
1113 1922 1391 1988 accommodatum.
1530 1942 1558 1984 ιι

283 2018 335 2079 40.
360 2010 520 2077 Dubitatio
543 2019 609 2084 est,
638 2031 709 2076 cum
731 2033 883 2096 quaerere
905 2013 1032 2079 videtur
1051 2027 1175 2092 orator,
1207 2027 1312 2083 utrum
1335 2023 1375 2084 de
1398 2017 1520 2084 duobus

199 2115 303 2198 potius
336 2121 389 2176 εει
410 2108 483 2195 quid
508 2107 546 2173 de
569 2106 709 2194 pluribus
736 2107 933 2191 potissimum
962 2107 1061 2187 dieat,
1099 2113 1161 2175 hoo
1190 2112 1304 2178 modo:
1343 2112 1452 2178 Obfuit
1482 2134 1520 2178 eo

199 2217 340 2292 tempore
364 2205 531 2290 plurimum
552 2205 598 2268 rei
627 2201 770 2287 publicae
804 2202 966 2268 consulum
998 2203 1065 2268 sive
1094 2208 1255 2272 stultitiam
1283 2207 1349 2271 sive
1371 2207 1520 2273 malitiam

200 2305 305 2367 dicere
327 2306 453 2384 oportet
474 2300 539 2363 sive
561 2306 739 2384 utrumque.
783 2300 885 2362 Item:
922 2301 969 2361 Tu
990 2296 1073 2362 istud
1094 2319 1187 2363 ausus
1209 2323 1243 2365 es
1266 2300 1388 2376 dicere,
1422 2305 1519 2367 homo

200 2399 340 2462 omnium
363 2393 562 2458 mortalium?
587 2440 594 2457 .
621 2440 629 2457 .
656 2438 664 2455 .
693 2412 764 2455 nam
788 2412 850 2476 quo
874 2401 904 2455 ιε
926 2389 1021 2474 digno
1044 2392 1186 2458 moribus
1207 2394 1268 2458 tuis
1289 2396 1442 2480 appellem
1463 2418 1557 2462 no-ro

199 2491 305 2557 minet
340 2488 508 2574 Expeditio
537 2499 604 2564 est,
637 2507 709 2552 eum
730 2485 904 2550 rationibus
926 2486 1139 2572 compluribus
1166 2490 1372 2565 enumeratis,
1406 2491 1519 2577 quibus

199 2586 301 2672 aliqua
322 2606 373 2650 res
396 2591 449 2648 εει
469 2582 539 2648 fieri
560 2590 613 2647 aut
634 2604 698 2646 non
721 2580 787 2646 fieri
810 2580 963 2665 potuerit,
998 2589 1120 2647 ceterae
1142 2583 1311 2661 tolluntur,
1343 2606 1404 2649 una
1427 2587 1520 2652 relin-

200 2681 323 2768 quitur,
363 2699 455 2765 quam
483 2678 541 2742 'nos
570 2677 776 2750 intendimus,
810 2674 871 2739 hoc
893 2677 1010 2741 modo:
1050 2680 1183 2742 Necesse
1206 2687 1271 2755 est,
1305 2701 1376 2745 cum
1399 2687 1520 2746 constet

198 2777 292 2842 istum
314 2775 445 2837 fundum
467 2780 609 2836 nostrum
630 2771 743 2845 fuisse,
778 2773 924 2835 ostendas
957 2779 987 2836 te
1016 2780 1070 2835 aut
1101 2793 1234 2838 vacuum
1261 2775 1437 2860 possedisse
1466 2782 1520 2841 εει

198 2894 258 2938 usu
279 2876 367 2933 tuum
390 2865 499 2931 fecisse
522 2873 576 2929 aut
597 2864 710 2929 emisse
732 2873 785 2928 aut
806 2864 976 2930 hereditate
998 2866 1055 2931 tibi
1078 2869 1210 2932 venisse.
1254 2871 1414 2944 Vacuum,
1448 2892 1555 2942 cumas

199 2987 259 3051 ego
280 2965 440 3035 adessem,
474 2960 635 3046 possidere
657 2979 720 3024 non
741 2962 893 3045 potuisti3
928 2970 1015 3026 taum
1044 2965 1220 3028 etiamnunc
1242 2986 1302 3030 usu
1323 2963 1433 3030 fecisse
1456 2987 1519 3030 non

198 3075 309 3146 potes3
344 3056 461 3143 emptio
495 3054 579 3118 nulla
612 3051 789 3140 profertum
825 3056 998 3121 hereditate
1030 3056 1087 3123 tibi
1118 3079 1167 3122 me
1197 3059 1270 3125 rivo
1299 3079 1367 3125 mea
1388 3063 1519 3146 pecunia

198 3153 305 3219 venire
328 3172 391 3215 non
412 3148 525 3235 potuit.
570 3151 768 3233 Relinquitur
789 3170 881 3232 ergo,
906 3160 940 3215 ει
961 3172 1010 3216 me
1032 3154 1063 3216 vi
1085 3151 1124 3218 de
1147 3175 1219 3219 meo
1242 3153 1338 3218 fundo
1355 3154 1516 3220 deieceris.

197 3255 250 3316 tt.
286 3251 371 3312 Haeo
402 3242 566 3310 exornatio
600 3244 771 3327 plurimum
804 3243 923 3309 iuvabit
961 3246 1187 3313 coniecturales
1219 3251 1515 3333 argumentationes.

199 3344 261 3411 Sed
294 3365 358 3408 non
391 3341 450 3406 erit
479 3349 635 3424 tamquam
657 3339 690 3403 in
711 3338 892 3424 plerisque,
925 3348 978 3414 ει,
1014 3363 1085 3407 cum
1108 3343 1261 3418 velimus,
1297 3363 1333 3408 ea
1362 3346 1517 3429 possimus
1527 3374 1554 3416 ει

198 3441 253 3506 uti.
296 3443 374 3503 Nam
397 3436 500 3501 facere
522 3437 554 3499 id
576 3455 640 3499 non
661 3433 856 3518 poterimus,
880 3433 939 3499 nisi
960 3435 1051 3500 nobis
1073 3436 1142 3523 ipsa
1163 3438 1280 3524 negotii
1301 3447 1411 3504 natura
1433 3437 1519 3505 dabit

197 3535 385 3601 facultatem.
979 3581 985 3594 .

281 3631 383 3694 XXX.
407 3624 577 3691 Dissolutio
601 3634 661 3697 est,
689 3643 768 3710 quae
791 3627 1064 3690 coniunctionibus
1086 3624 1254 3692 verborum
1276 3649 1294 3694 ε
1317 3629 1421 3695 medio
1443 3627 1518 3696 sub-

197 3725 282 3800 latis,
307 3722 456 3808 separatis
478 3717 618 3804 partibus
640 3716 788 3793 effertur,
813 3721 872 3782 hoc
895 3722 1007 3785 modo:
1033 3725 1114 3786 Gere
1136 3743 1258 3788 morem
1280 3727 1419 3808 parenti,
1443 3745 1516 3810 pare

197 3817 352 3903 cognatis,
387 3813 561 3900 obsequere
592 3813 724 3887 amicis,
759 3813 944 3897 obtempera
976 3816 1109 3899 legibus.
1155 3818 1255 3892 Item:
1294 3821 1454 3884 Descende
1484 3819 1553 3890 inas

196 3913 348 3998 integram
371 3907 605 3982 defensionem,
641 3908 705 3970 noli
734 3907 903 3992 quidquam
932 3929 1094 3987 recusare,
1119 3914 1158 3976 da
1179 3932 1287 3978 servos
1308 3915 1340 3978 in
1362 3915 1517 4000 quaestio·

267 4124 293 4174 1.
314 4113 408 4173 Poima
427 4121 534 4184 loquens
550 4119 671 4179 pictura,
692 4117 799 4179 pictura
816 4120 925 4168 tacitam
944 4134 958 4170 e
978 4119 1062 4172 Codd.
1078 4129 1226 4174 nostrorum
1244 4125 1358 4187 rerttgtls
1377 4123 1514 4174 Baiterura

198 4195 335 4256 Sipoima
353 4194 460 4258 toqaem
482 4193 590 4254 pictura
615 4193 668 4244 ert,
698 4189 805 4248 pictura
833 4192 941 4240 tacitam
960 4191 990 4241 Ε.
1029 4192 1125 4243 Verum
1154 4195 1240 4245 nulius
1266 4195 1345 4244 babet
1363 4200 1429 4256 part.
1449 4197 1473 4244 ai
1490 4202 1517 4245 et

197 4269 263 4315 rntre
292 4267 373 4314 vertat
396 4263 471 4313 sedes
503 4275 526 4312 v.
553 4267 600 4311 ert.
629 4284 662 4294 —
690 4259 717 4307 2.
738 4261 808 4322 Quia
825 4257 954 4324 --qaia]
982 4263 1103 4314 ainsi
1126 4263 1184 4315 llbrl
1209 4268 1290 4316 nostrl
1314 4267 1412 4328 alitque
1444 4269 1515 4316 rarle

198 4337 333 4387 turbantes
352 4349 376 4384 r.
391 4347 413 4383 c.
428 4333 465 4382 T:
487 4335 510 4381 ri
528 4333 625 4380 ιιιιιιει
643 4343 677 4381 er.
697 4342 729 4378 ca
747 4345 775 4380 re
790 4335 870 4380 taem.
899 4335 1005 4393 rapiens
1023 4347 1077 4384 non
1094 4343 1181 4386 tamen
1198 4339 1221 4386 ri
1239 4341 1306 4386 taces
1324 4349 1356 4386 ea
1374 4349 1403 4386 ra
1420 4338 1517 4387 stultas

197 4421 241 4459 ar..
255 4431 285 4443 -
305 4404 331 4454 3.
351 4401 440 4467 quaml
460 4405 523 4466 quin
542 4401 637 4452 PABF.
659 4425 688 4436 -
717 4399 743 4450 4.
763 4401 889 4451 relatione
907 4403 994 4454 PFliT
1013 4413 1039 4456 et
1058 4418 1098 4467 pr.
1111 4409 1150 4462 d:
1170 4409 1344 4457 translatione
1361 4407 1382 4457 B
1402 4414 1429 4458 ει
1446 4420 1514 4461 corr.

198 4479 236 4534 Α,
256 4479 288 4528 Ε.
316 4499 344 4510 -
378 4477 419 4524 10.
439 4477 533 4536 ereptis
551 4474 635 4522 rotam
651 4471 714 4520 mibi
731 4476 847 4534 superesi
866 4473 931 4523 run
952 4483 978 4524 et
997 4476 1117 4536 cornel,
1142 4480 1238 4539 ereptis
1254 4478 1409 4540 supereatT
1429 4484 1456 4529 et
1474 4493 1514 4542 pr.

197 4549 257 4608 dr,
277 4547 371 4608 ereptis
388 4545 470 4594 solam
488 4551 601 4605 superest
621 4555 689 4591 corr.
711 4541 740 4589 F.
767 4567 798 4578 -
830 4543 872 4594 12.
891 4558 931 4594 me
948 4554 1035 4596 oestro
1052 4547 1160 4598 PABR:
1180 4561 1220 4598 ma
1237 4561 1298 4597 uero
1318 4549 1375 4608 PT,
1393 4563 1433 4599 ma
1452 4549 1514 4614 (om.

197 4617 294 4681 nestro)
314 4629 372 4668 cum
393 4614 529 4664 lambit.
560 4638 586 4650 -
621 4611 663 4662 1³.
683 4611 877 4673 inpunitePF,
902 4615 1030 4677 Impunita
1050 4619 1128 4668 ΛΒΤ.
1160 4645 1187 4656 -
1218 4619 1312 4676 dicits,
1333 4621 1515 4681 obtemperabo

198 4690 235 4748 T,
256 4691 285 4738 1..
310 4715 336 4724 -
357 4686 400 4736 18.
421 4686 473 4734 diei
490 4684 565 4733 AFT.
595 4709 616 4721 -
636 4684 680 4732 20.
699 4683 866 4732 mortalium.
885 4698 992 4748 quaero.
1012 4701 1076 4736 nam
1094 4697 1118 4740 te
1137 4704 1177 4753 pr.
1192 4690 1228 4750 P,
1247 4691 1398 4741 mortalium
1416 4705 1515 4755 quaero

197 4773 261 4808 mom
279 4773 330 4823 qno
349 4764 373 4807 ιε
391 4756 482 4808 built
502 4761 528 4805 et
546 4767 612 4804 corr.
627 4754 657 4804 P.
697 4751 908 4806 «Scribenduma
937 4759 1091 4808 mortalium
1117 4784 1146 4794 -
1170 4774 1286 4825 quomam
1304 4768 1329 4812 te
1347 4769 1397 4813 eat.
1418 4775 1515 4824 quomo

199 4834 268 4880 enlm
297 4837 386 4880 natum
415 4825 520 4877 rtdetur
546 4839 575 4876 er
601 4839 680 4887 qao.»
710 4823 789 4873 Batr.
826 4825 883 4875 Ntti
907 4839 970 4876 vero
993 4824 1199 4897 ἀποσιώπησιν
1223 4833 1345 4895 supplere
1364 4833 1512 4884 voluerunt.

198 4901 231 4951 Ut
250 4915 313 4960 nor,
334 4901 365 4950 T.
385 4925 417 4936 -
436 4898 480 4946 22³..
501 4908 541 4943 rea
558 4895 613 4960 fieri
632 4893 695 4958 (om.
711 4893 768 4953 aut)
787 4893 840 4945 PT.
860 4919 891 4930 -
910 4897 953 4946 ⁶25.
973 4899 1122 4950 etiamnunc
1140 4915 1189 4951 aaa
1202 4901 1293 4965 sceiere
1306 4904 1389 4954 Codd.
1405 4904 1514 4956 Ouden-

198 4973 302 5033 dorplt:
323 4973 402 5020 etiam
420 4981 491 5018 manc
508 4967 596 5031 [arisae
615 4977 653 5026 pr.
668 4963 704 5022 P,
723 4965 803 5014 etiam
821 4978 871 5014 aaa
889 4964 980 5028 [eabae
997 4967 1067 5018 altr
1087 4977 1113 5021 et
1131 4984 1198 5022 corr.
1212 4974 1247 5032 P,
1267 4977 1345 5025 etiam
1364 4989 1413 5024 aaa
1431 4973 1515 5033 [aetati

197 5041 233 5100 1²,
252 5045 399 5092 etiamnunc
416 5054 467 5089 usu
484 5038 565 5102 [aiere
578 5037 613 5094 Β,
632 5049 680 5085 aru
692 5036 781 5096 famare
794 5037 934 5086 etiamnum
950 5039 980 5087 E.
1001 5063 1030 5076 -
1050 5039 1092 5090 ιιι.
1113 5041 1273 5095 Dirrolatam
1286 5046 1402 5111 estquod
1414 5045 1511 5097 PFRT.

200 5111 293 5178 ··.³³·
312 5113 444 5178 reparatis
461 5107 583 5176 partibas
600 5105 753 5170 edurat,
772 5106 812 5157 L:
830 5108 952 5176 partibas
970 5112 1101 5176 reparatis
1120 5112 1151 5162 li.
