3746 5850
775 451 811 519 C.
834 455 866 522 5.
890 453 921 519 6.
941 454 973 517 7.
1481 453 1544 520 ill
1576 511 1580 520 .

218 617 400 684 serviendo.
444 612 614 682 Probabile
636 620 741 682 antem
761 631 862 698 germ
882 619 932 678 est
953 609 1124 688 orationis,
1147 609 1175 678 ri
1195 631 1260 678 nen
1280 609 1373 678 nimis
1394 619 1443 680 est
1455 631 1543 679 com-
1673 697 1678 705 Ι

217 718 307 798 poam
328 717 423 798 atque
444 707 686 794 expolitumssi
708 714 759 778 cet
776 707 948 774 aucteritas
970 714 1001 772 et
1022 708 1147 790 pondus
1167 708 1201 772 ia
1221 703 1346 802 verbup
1369 709 1397 774 si
1419 715 1543 774 senteu-
1635 728 1694 757 *r-

217 805 281 870 tiae
303 807 355 871 rel
377 824 488 889 graves
508 804 559 871 rel
580 811 672 888 aptae
693 799 893 890 opinionibus
912 800 1074 868 bominum
1089 820 1126 865 ec
1140 799 1294 867 moribus.
1337 805 1389 868 aa.
1411 800 1545 868 Illustrie

218 906 266 965 eet
289 907 397 965 autem
419 897 536 974 oratio,
570 899 597 963 si
618 906 651 964 et
671 896 768 964 verbs
789 898 942 982 gravilate
963 894 1086 962 delecta
1110 902 1271 982 ponuntur
1292 903 1324 961 et
1344 897 1493 962 translata
1514 902 1546 960 et

200 993 381 1081 'superlata
402 999 434 1059 et
455 994 633 1058 adnomen
655 991 801 1058 adiuncta
821 998 854 1058 ct
877 991 1032 1078 duplicata
1054 998 1086 1055 et
1106 989 1191 1056 idem
1218 988 1423 1075 significantia
1449 997 1568 1076 atquee

217 1085 259 1154 ab
283 1088 351 1175 ipss
372 1085 495 1152 actione
516 1095 609 1170 atque
630 1085 805 1152 imitatione
826 1105 935 1152 rernm
956 1105 1021 1152 uon
1041 1082 1255 1152 abhorrentia.
1297 1088 1354 1151 Est
1367 1088 1450 1153 enim
1464 1088 1545 1153 baec

216 1201 294 1266 pars
317 1179 487 1257 orationis,
511 1201 592 1269 quae
613 1202 681 1246 rem
704 1181 871 1246 constituat
893 1200 994 1264 paene
1016 1187 1087 1245 ante
1109 1179 1237 1258 oculos3
1259 1179 1287 1246 is
1305 1178 1388 1247 enim
1409 1183 1545 1247 maxima
1635 1205 1644 1232 ·

217 1296 331 1344 sensus
353 1275 530 1360 attingitur,
552 1273 608 1342 sed
626 1273 661 1353 set
681 1276 780 1342 ceteri
798 1283 901 1342 tamen
917 1283 950 1340 et
963 1278 1099 1342 maxime
1113 1295 1202 1340 mens
1215 1273 1282 1360 ipss
1296 1277 1418 1342 moveri
1431 1273 1553 1368 potestg·
1622 1269 1703 1354 Vl*

215 1372 281 1436 Sed
315 1389 397 1456 quae
423 1369 507 1438 dicte
535 1378 608 1436 snut
635 1373 676 1436 de
710 1369 854 1435 oratione
883 1366 1037 1448 dilucida,
1074 1373 1188 1437 eadunt
1217 1370 1251 1435 in
1283 1369 1362 1436 banc
1393 1373 1546 1438 illustrem

212 1467 338 1532 omnia.
382 1469 439 1531 Est
458 1467 542 1530 enim
562 1466 633 1552 plue
655 1463 814 1551 aliquanto
836 1463 960 1530 illustre
982 1483 1077 1549 quam
1105 1463 1183 1530 illud
1211 1462 1394 1532 dilucidum.
1438 1464 1583 1532 Alterura

212 1559 266 1636 bt,
296 1568 331 1628 ut
353 1560 583 1646 intelligamus,
607 1563 706 1627 allero
730 1557 849 1646 [vero],
873 1569 907 1626 ut
928 1560 1037 1625 videre
1058 1557 1234 1626 videamur.
1278 1562 1331 1626 21.
1367 1562 1470 1628 Suare
1491 1581 1548 1628 aar·

213 1665 284 1723 tem
309 1655 371 1722 erit
391 1677 490 1742 penus
512 1654 636 1722 dicendi
658 1657 795 1743 primum
817 1652 971 1740 elegantia
991 1660 1025 1719 et
1045 1653 1236 1720 iucunditate
1250 1653 1421 1722 verborum
1435 1675 1549 1725 sonan·

215 1751 300 1818 tium
322 1758 354 1816 el
373 1749 511 1830 levium
546 1749 662 1817 deinde
684 1749 921 1823 coniunctione,
954 1767 1035 1835 quae
1063 1769 1165 1836 neque
1187 1768 1317 1834 asperos
1338 1753 1452 1816 habeat
1473 1771 1549 1815 con·

218 1865 334 1912 cursus
363 1865 466 1932 neque
495 1843 666 1912 disiunctos
694 1853 788 1930 atque
815 1841 957 1920 biaules,
988 1849 1023 1908 et
1050 1842 1091 1908 sit
1111 1841 1346 1931 cummertpta
1367 1865 1430 1911 uon
1451 1847 1549 1932 longo

219 1939 365 2007 anfractu
387 1942 443 2005 sed
465 1937 505 2005 ad
526 1938 668 2026 spiritum
689 1936 777 2005 vocis
799 1945 887 2024 apto,
922 1934 1098 2022 habeatque
1119 1936 1355 2006 similitudinem
1377 1939 1586 2026 aequalita-sr
1609 1959 1613 1964 ·

219 2044 350 2121 temque
380 2036 570 2113 verberum3
608 2041 674 2099 tum
702 2054 743 2100 ex
772 2029 937 2099 contrariis
964 2041 1087 2116 sumpta
1117 2034 1239 2109 verbis,
1276 2035 1388 2100 crebra
1409 2035 1547 2113 crebris,

220 2131 313 2215 paria
333 2126 461 2216 paribus
482 2130 713 2212 respondeant,
748 2125 909 2214 relataque
936 2126 975 2193 ad
1002 2124 1088 2192 idem
1114 2130 1248 2194 verbum
1276 2137 1308 2195 el
1333 2130 1490 2215 geminata
1511 2149 1549 2196 ac

223 2223 382 2310 duplicata
409 2224 460 2289 rel
491 2221 584 2287 etism
612 2219 738 2307 saepius
758 2219 870 2286 iterata
891 2228 1064 2308 ponantur,
1101 2221 1356 2309 constructioque
1377 2226 1549 2292 verberum

222 2326 290 2385 tum
312 2313 586 2384 coniunctionibus
608 2317 791 2402 copuletur,
822 2322 889 2381 tum
915 2312 1173 2380 dissolutionibus
1198 2315 1368 2384 relaxetur.
1412 2321 1466 2384 22.
1500 2317 1550 2384 Fit

225 2411 320 2480 etiam
341 2409 447 2478 suavis
468 2412 585 2486 oratio,
620 2430 693 2477 cum
714 2407 833 2495 aliquid
853 2417 907 2474 aut
927 2405 1062 2473 inrisum
1083 2415 1138 2474 aut
1158 2409 1333 2477 inauditum
1355 2420 1408 2478 ant
1430 2430 1587 2478 uovnmsc

226 2507 320 2572 dicas.
362 2503 502 2570 Delectat
529 2503 629 2579 enim,
663 2501 817 2591 quidquid
837 2509 886 2568 est
907 2499 1108 2579 admirabile,
1142 2505 1344 2590 maximeque
1368 2515 1475 2573 moret
1495 2527 1548 2582 ea,

227 2619 308 2686 quae
328 2606 450 2664 motum
470 2595 606 2684 aliquem
627 2597 722 2662 enimi
752 2597 877 2673 miscet,
910 2594 1028 2670 oratic,
1062 2615 1207 2683 quaeque
1236 2595 1389 2682 significat
1415 2602 1551 2667 oratoris

227 2690 326 2776 ipsius
347 2690 496 2758 amabiles
517 2710 640 2768 mores,
675 2693 729 2777 qni
756 2692 976 2775 exprimuntur
1002 2698 1057 2755 aut
1085 2689 1289 2776 significando
1310 2691 1430 2759 iudicio
1452 2694 1551 2780 ipsine

228 2807 269 2853 ex
289 2791 393 2852 animo
414 2788 554 2851 humano
575 2805 614 2852 ac
633 2781 770 2859 liberali,
793 2793 846 2850 aut
865 2781 1035 2850 inllexione
1056 2787 1228 2862 sermonis,
1251 2806 1323 2852 cum
1344 2793 1399 2852 aut
1415 2789 1550 2872 angendi

228 2879 355 2946 alterius
383 2888 438 2948 aul
469 2877 629 2946 minuendi
661 2879 709 2946 sui
742 2899 836 2944 causa
861 2876 923 2944 alia
949 2877 1013 2945 dici
1038 2879 1079 2944 ab
1107 2887 1253 2956 oratore,
1287 2880 1348 2948 alia
1378 2882 1588 2950 existimarim

228 2973 389 3051 ridentur,
424 2971 521 3060 idque
553 2974 698 3040 comitate
727 2972 798 3039 fieri
827 2973 927 3058 magis
954 2993 1048 3060 quam
1075 2975 1223 3040 vanitate.
1268 2975 1332 3042 Sed
1359 2985 1433 3043 sunt
1453 2975 1551 3046 multa

228 3068 389 3136 suavitatis
418 3074 603 3154 praecepta,
639 3088 721 3155 quae
754 3065 930 3134 oraticnem
959 3073 1013 3133 aut
1039 3069 1139 3152 magis
1168 3066 1334 3138 obscuram
1363 3079 1418 3140 ant
1446 3074 1550 3142 minus

228 3161 426 3248 probabilem
445 3161 573 3233 iaciunt.
615 3163 725 3249 ltaque
745 3160 841 3227 etiam
861 3158 1013 3228 hocloco
1035 3163 1128 3230 nobis
1149 3171 1197 3231 est
1220 3162 1315 3252 ipsis,
1351 3165 1429 3253 quid
1456 3187 1552 3236 causa

227 3257 381 3347 postulet,
409 3259 621 3325 indicandum.
664 3257 733 3322 vlt.
760 3260 814 3324 23.
840 3257 875 3324 C.
891 3259 926 3324 F.
947 3255 1114 3344 Reliquum
1136 3267 1185 3325 est
1205 3260 1316 3345 igitur,
1345 3271 1382 3330 ut
1402 3260 1488 3330 dicas
1509 3265 1550 3330 de

228 3354 642 3440 conversaoratioueetque
655 3359 782 3418 mutata.
824 3353 859 3419 C.
876 3351 910 3418 P.
930 3353 986 3418 Est
1009 3349 1135 3440 [itaque]
1158 3352 1193 3421 id
1215 3375 1312 3440 genus
1334 3364 1437 3424 tetum
1452 3359 1589 3427 simmae

229 3449 262 3514 in
284 3453 528 3517 commutatione
548 3449 740 3526 verborum,
763 3466 844 3533 quae
866 3443 1060 3532 simplicibus
1080 3447 1113 3514 in
1134 3445 1239 3516 verbis
1260 3452 1303 3518 ita
1324 3457 1491 3530 mactatur,
1514 3460 1550 3518 ut

229 3550 283 3611 aut
311 3563 351 3610 er
378 3541 477 3611 verbo
506 3541 654 3609 dilatetur
678 3550 734 3607 aut
760 3541 794 3607 in
821 3536 954 3607 uerbum
980 3543 1186 3610 contrabatur
1214 3545 1334 3612 oratioz
1367 3565 1409 3613 cx
1429 3549 1549 3625 verbo,

230 3657 302 3703 eum
322 3646 377 3705 aut
395 3639 559 3728 proprium
579 3645 636 3703 aut
655 3634 742 3702 idem
763 3633 939 3721 significans
957 3644 1011 3701 aut
1024 3637 1142 3704 laeam
1155 3637 1286 3706 verbum
1300 3641 1333 3706 in
1346 3641 1439 3726 plura
1453 3637 1551 3708 rerba

230 3730 403 3813 diducitur;
438 3756 480 3801 ex
507 3736 668 3812 oratioue,
702 3755 772 3802 cum
802 3740 857 3800 aut
883 3728 1023 3798 delinitio
1041 3730 1084 3797 ad
1104 3753 1202 3800 unum
1222 3735 1357 3799 verbum
1378 3743 1548 3804 revocatur

231 3835 286 3893 aut
309 3836 469 3915 assumpta
497 3827 593 3897 rerba
621 3835 823 3896 remorentur
847 3833 903 3894 aul
922 3827 956 3892 iu
976 3824 1126 3894 circuitus
1146 3825 1324 3912 dirigantur
1345 3835 1399 3894 aut
1419 3831 1587 3898 conius-ss

231 3920 336 3989 ctione
356 3921 392 3988 lit
411 3943 509 3990 unum
529 3925 662 3991 verbum
683 3942 724 3989 ex
745 3919 880 3988 duobus.
924 3920 975 3991 li.
996 3922 1033 3986 Ιι
1054 3919 1228 3988 coniunctis
1249 3929 1355 3989 autem
1374 3921 1480 3991 verbis
1495 3924 1552 3992 lci-

231 4019 307 4112 plex
329 4017 470 4086 adbiberi
483 4026 588 4106 potest
602 4018 804 4086 commutatio
812 4063 823 4096 ,
845 4035 911 4086 nou
924 4016 1097 4085 verborum
1111 4016 1167 4082 sed
1179 4014 1396 4086 tautummodo
1413 4015 1550 4100 ordinis,

303 4275 330 4329 a.
350 4289 383 4328 oe
399 4275 444 4339 ll,
462 4275 574 4329 bamba
593 4281 617 4330 et
636 4276 666 4329 u.
688 4303 717 4316 -
748 4275 776 4329 t.
795 4279 834 4327 sat
849 4279 937 4327 sotem
955 4269 1100 4328 cretton:
1129 4281 1217 4328 satem
1233 4284 1272 4331 sat
1289 4277 1378 4331 orottc
1394 4273 1433 4342 V,
1460 4283 1551 4330 cotem

235 4349 323 4398 orello
341 4354 380 4400 set
398 4348 429 4398 lt.
460 4373 491 4387 -
520 4350 547 4401 8.
567 4348 613 4400 sed
630 4352 655 4400 st
671 4350 767 4410 estest,
792 4353 823 4399 ut
840 4347 945 4402 rolebst
961 4345 1047 4409 κη..
1065 4347 1105 4399 lla
1135 4348 1181 4400 sed
1198 4351 1278 4401 cctsrt
1304 4347 1370 4414 (cnr.
1390 4349 1426 4414 rt)
1442 4348 1497 4401 vu.
1519 4373 1549 4387 -
1599 4405 1601 4412 ,

235 4421 278 4472 lt.
297 4415 370 4481 uero]
388 4418 417 4484 pta
435 4417 476 4476 lt.
493 4419 574 4472 mode
592 4419 625 4471 V.
644 4418 697 4473 Nos
714 4432 776 4472 uera
794 4417 959 4472 reclustrnus.
980 4441 1008 4456 -
1037 4418 1082 4470 12.
1102 4421 1153 4470 erc
1168 4433 1247 4486 am
1265 4420 1326 4472 Νι
1346 4433 1428 4486 praue
1442 4421 1499 4472 erte
1517 4419 1550 4472 c.

235 4511 267 4527 ⁸·
287 4489 330 4540 ¹³·
350 4489 445 4540 mum
462 4489 501 4550 v,
518 4488 632 4543 lambe:
652 4490 751 4542 'mim
767 4490 820 4543 ΗΕ·
842 4514 871 4528 '¹'
892 4487 936 4540 1⁷·
956 4500 988 4538 αθ
1005 4486 1068 4540 nvi
1087 4496 1167 4554 “qm
1186 4491 1218 4542 Ee
1239 4515 1268 4532 ⁸·
1293 4493 1337 4546 ¹⁹0
1355 4493 1434 4558 qum
1450 4491 1552 4544 ”W

234 4565 279 4612 luc
295 4559 338 4625 liet
356 4558 389 4610 R.
409 4585 440 4598 -
470 4560 515 4612 20.
535 4555 603 4625 com]
624 4561 649 4611 st
665 4561 698 4611 ll.
720 4584 751 4599 -
781 4555 906 4625 toaleam]
924 4559 1039 4610 esocem
1056 4566 1132 4611 taam
1149 4561 1192 4622 ll,
1215 4562 1373 4614 tnoattotcm
1390 4561 1424 4614 V.
1444 4586 1476 4600 -
1506 4561 1550 4613 st.

235 4627 463 4694 ortn1sttomll.
484 4654 513 4670 -
543 4629 1092 4692 moaaewtomeaocmeettu,
1120 4632 1551 4695 armentrorum,

236 4715 269 4754 ec
286 4702 375 4752 culmo
393 4709 442 4753 cat
459 4701 504 4752 tlb.
534 4701 599 4766 (om.
617 4698 741 4766 lamone)
761 4699 794 4763 V,
815 4713 848 4751 ec
863 4701 965 4753 todtctc
981 4700 1081 4764 lpator,
1100 4701 1190 4752 ocimo
1207 4702 1323 4754 tamese
1342 4715 1374 4754 nc
1392 4703 1437 4755 ttt.
1456 4703 1550 4756 bamb.

238 4797 268 4810 -
287 4771 332 4822 26.
350 4777 412 4823 aaut
428 4771 512 4824 moue
529 4772 597 4824 RVa
615 4773 701 4825 matta
718 4776 780 4824 suat
796 4770 828 4823 lt.
849 4794 880 4810 -
898 4771 943 4824 28.
964 4771 1067 4838 {educ
1083 4774 1178 4824 estem
1197 4784 1256 4826 cunr
1274 4773 1348 4825 ltbrts
1365 4774 1428 4826 av:
1448 4776 1552 4841 [estuat

237 4843 302 4894 Era.
321 4845 391 4895 cont.
410 4866 444 4884 ·-
467 4843 515 4894 loc
532 4843 612 4896 stium
628 4843 660 4896 R.
680 4838 784 4906 (ltaque
801 4841 848 4894 loo
865 4843 895 4894 ta
912 4843 968 4894 loco
987 4839 1033 4906 V.)
1061 4867 1095 4881 -
1120 4842 1166 4895 ac.
1183 4843 1233 4895 let
1249 4844 1353 4908 qutdert
1369 4845 1426 4898 VR.
1445 4841 1504 4909 (Bet
1519 4859 1553 4900 aas

236 4909 282 4977 (ns
299 4915 403 4976 punctta
421 4911 552 4980 neutum)
569 4914 644 4964 ttcce
660 4913 705 4974 V.)
738 4911 792 4966 llas
809 4913 967 4965 reclustnms
983 4914 1080 4978 tthoe
1098 4935 1134 4953 -
1161 4911 1205 4966 88.
1224 4914 1330 4966 mussa
1347 4913 1450 4978 {oolam
1465 4917 1498 4970 V.
1516 4943 1552 4956 -

237 4983 282 5037 dl.
301 4986 480 5038 contractione
498 4986 548 5038 ttd.
567 4983 686 5038 Ncrlmb.
714 5009 744 5022 -
771 4983 922 5049 dettatttoos
939 4985 976 5045 Y,
996 4984 1156 5049 deductum
1172 5007 1184 5020 ·
1199 5009 1211 5022 ·
1227 4995 1387 5041 reuocentur
1404 4988 1435 5042 lt.
1456 5013 1488 5028 ·-
1505 4987 1550 5040 35.

237 5062 286 5108 out
302 5057 482 5109 ecatonettoas
499 5057 564 5108 Vnt
584 5059 631 5106 cart
648 5068 682 5106 sse
698 5055 882 5107 ccatuaettons
901 5055 943 5119 V,
963 5061 1012 5106 aut
1029 5056 1060 5106 tc
1076 5055 1258 5108 contemtlone
1276 5057 1308 5110 ll.
1329 5083 1359 5100 -
1377 5058 1421 5116 87.
1440 5071 1552 5114 asma·

239 5129 308 5180 totto
322 5131 409 5192 pateat
427 5127 460 5180 lt.
481 5154 511 5168 -
532 5124 715 5182 tantummodo
734 5125 835 5178 cratete
851 5126 918 5182 RV:
937 5126 1038 5180 erdtots
1055 5125 1238 5181 tautummodo
1256 5127 1288 5180 lt.
