3720 5840
308 403 350 466 32
820 401 873 465 ΑΙ)
896 399 1129 465 HERENNIUM

309 558 349 626 de
371 580 409 626 eo
431 559 643 645 argumentari
665 565 696 623 et
715 557 843 645 planum
865 558 969 626 facere
989 558 1106 625 factum
1127 579 1211 638 esse;
1233 579 1304 623 nam
1318 556 1353 625 id
1369 555 1508 643 [tantum]
1525 559 1635 644 augeri

309 661 444 742 oportet.
487 657 564 718 Item
587 653 732 719 vitiosum
755 655 855 720 estid
877 676 1008 740 augere,
1032 653 1117 741 quod
1139 653 1284 720 convenit
1299 652 1420 727 doceri,
1443 659 1503 722 hoc
1518 661 1631 722 modo:

308 760 345 815 ut
365 748 391 814 si
414 748 483 836 quis
505 767 598 835 quem
621 757 730 833 arguat
756 749 914 815 hominem
945 749 1098 817 occidisse
1124 757 1171 824 et,
1205 757 1371 836 antequam
1402 751 1475 816 satis
1505 749 1635 816 idoneas

308 845 594 927 argumentationes
621 843 772 914 attulerit,
806 853 917 930 augeat
943 852 1103 931 peccatum
1129 853 1160 909 et
1182 849 1263 909 dicat
1285 843 1362 909 nihil
1384 842 1542 930 indignius
1565 865 1634 909 esse

286 957 401 1024 squam
423 939 582 1004 hominem
605 938 759 1004 occidere.
804 943 873 1006 Non
895 939 996 1014 enim,
1023 946 1129 1004 utrum
1150 937 1312 1025 indignum
1333 937 1390 1014 sit,
1413 959 1452 1004 an
1474 960 1554 1017 non,
1578 936 1634 1004 sed

307 1031 464 1098 factumne
486 1032 540 1108 sit,
562 1035 733 1122 quaeritur.

370 1127 555 1212 complexio
576 1129 688 1195 vitiosa
710 1139 773 1206 est,
811 1151 891 1217 quae
919 1151 998 1204 non,
1034 1134 1070 1193 ut
1098 1127 1246 1216 quodque
1267 1133 1404 1216 primum
1427 1130 1544 1198 dictum
1567 1137 1632 1205 est,

305 1220 441 1309 primum
463 1222 680 1308 complectitur
702 1235 733 1290 et
754 1247 834 1312 qnae
856 1246 918 1291 non
939 1223 1080 1291 breviter
1101 1224 1258 1290 concludit
1277 1235 1308 1290 et
1330 1247 1410 1313 qnae
1425 1248 1488 1293 non
1503 1249 1543 1293 ex
1558 1247 1633 1292 enu-

305 1322 479 1382 meratione
511 1327 630 1382 certum
663 1328 696 1383 et
724 1329 868 1386 constans
898 1318 1016 1406 aliquid
1043 1317 1209 1406 relinquit,
1247 1328 1283 1386 ut
1308 1321 1518 1407 intelligatur,
1556 1319 1632 1407 quid

268 1411 502 1498 ropropositum
524 1411 557 1477 in
579 1416 847 1500 argumentatione
869 1415 924 1490 sit,
962 1412 1038 1501 quid
1067 1412 1179 1478 deinde
1199 1415 1339 1494 ratione,
1372 1415 1447 1504 quid
1469 1415 1633 1484 confirma-

305 1509 410 1586 tione,
434 1507 509 1595 quid
531 1517 594 1574 tota
617 1511 886 1595 argumentatione
909 1509 1164 1574 demonstratum.

160 1599 194 1722 qq
203 1601 248 1764 J
389 1605 490 1668 XXX.
512 1607 564 1672 t't.
588 1605 826 1680 conclusiones,
859 1624 938 1696 quae
968 1600 1051 1688 apud
1081 1605 1218 1669 Graecos
1241 1605 1389 1690 ἐπίλογοι
1411 1611 1630 1681 nominantur,

306 1695 481 1783 tripartitae
503 1706 585 1765 sunt.
631 1702 707 1764 Nam
730 1707 872 1765 constant
893 1719 933 1762 ex
956 1696 1207 1774 enumeratione,
1233 1699 1473 1786 amplificatione
1495 1710 1527 1767 et
1547 1722 1632 1767 com-

304 1793 516 1858 miseratione.
564 1791 610 1878 [ln
643 1803 790 1881 quattuor
819 1794 895 1861 locis
923 1791 969 1857 uti
998 1812 1164 1878 possumus
1191 1793 1460 1861 conclusionibus:
1495 1799 1526 1861 in
1548 1795 1633 1882 prin·

267 1913 294 1954 as
306 1887 403 1972 cipio,
437 1886 608 1952 secundum
629 1889 856 1964 narrationem,
888 1885 1059 1952 secundum
1081 1884 1290 1952 firmissimam
1312 1891 1626 1971 argumentationem,

304 1982 337 2046 in
359 1981 581 2066 conclusione]
627 1983 829 2049 Enumeratio
852 1991 913 2058 est,
935 2001 994 2068 per
1011 2002 1104 2067 quam
1126 1980 1302 2067 colligimus
1326 1994 1357 2048 et
1377 2004 1628 2065 commonemus,

308 2074 422 2161 quibus
444 2074 600 2143 derebus
622 2075 718 2144 verba
741 2077 922 2152 fecerimus,
950 2075 1107 2148 breviter,
1135 2082 1171 2140 ut
1191 2085 1379 2156 renovetur,
1410 2100 1474 2145 non
1496 2080 1632 2146 redinte-

305 2179 414 2255 gretur
435 2169 554 2250 orati03
590 2181 622 2238 et
642 2172 771 2250 ordine,
805 2169 957 2260 quidquid
980 2170 1040 2237 erit
1062 2168 1194 2246 dictum,
1223 2174 1407 2251 referimus,
1436 2183 1471 2240 ut
1491 2175 1629 2252 auditor,

305 2265 330 2329 si
353 2264 526 2331 memoriae
548 2266 756 2344 mandaverit,
789 2265 898 2342 adid,
932 2265 1017 2353 quod
1045 2265 1113 2351 ipse
1142 2265 1336 2343 meminerit,
1372 2271 1552 2337 reducatur.
1594 2273 1630 2335 ln

267 2382 366 2447 aequa
395 2365 567 2428 curandum
597 2372 655 2439 est,
692 2383 732 2427 ne
764 2371 816 2428 ant
845 2361 884 2427 ab
906 2360 1040 2427 exordio
1062 2367 1115 2425 aut
1136 2380 1155 2425 a
1177 2362 1355 2428 narratione
1377 2372 1538 2450 repetatur
1559 2385 1631 2430 ora·

304 2454 398 2522 tionis
420 2457 627 2524 enumeratio.
672 2460 764 2523 Facta
794 2461 876 2522 enim
905 2465 937 2521 et
965 2454 1069 2520 dedita
1096 2475 1192 2541 opera
1220 2466 1397 2542 comparata
1420 2458 1522 2524 oratio
1544 2458 1631 2524 vidc-

303 2549 389 2616 bitur
410 2571 478 2616 esse
502 2549 576 2636 [ant]
600 2550 724 2617 artificii
745 2550 938 2637 significandi
963 2549 1037 2634 [aut]
1071 2548 1187 2633 ingenii
1209 2549 1388 2617 venditandi
1412 2549 1486 2636 [aut]
1511 2573 1630 2618 memo-

302 2644 371 2711 riae
403 2645 604 2712 ostentandae
635 2667 739 2713 causa.
786 2649 988 2733 Quapropter
1014 2643 1136 2709 initium
1170 2645 1416 2711 enumerationis
1445 2647 1629 2713 sumendum

304 2748 351 2805 est
379 2761 397 2805 a
427 2739 590 2806 divisione.
643 2740 763 2807 Deinde
795 2741 905 2806 ordine
936 2739 1076 2805 breviter
1106 2745 1310 2825 exponendae
1343 2756 1395 2806 res
1425 2749 1510 2818 sunt,
1549 2761 1630 2826 quae

267 2840 453 2900 retractatae
476 2842 568 2899 erunt
588 2834 621 2900 in
643 2833 879 2900 confirmatione
901 2841 932 2898 et
953 2831 1176 2898 confutatione.
1220 2833 1427 2921 Amplilicatio
1455 2844 1515 2911 est,
1549 2856 1630 2922 quae

303 2949 363 3016 per
383 2927 486 2993 locum
509 2948 707 2994 communem
729 2927 937 3012 instigationis
959 2927 1137 2992 auditorum
1159 2948 1251 2993 cansa
1268 2929 1410 2994 sumitur.
1453 2928 1529 2995 Loci
1544 2949 1630 2994 com·

304 3043 414 3090 munes
436 3043 477 3088 er
498 3019 607 3086 decem
630 3024 804 3108 praeceptis
831 3019 1084 3086 commodissime
1109 3029 1274 3086 sumuntur
1295 3022 1470 3108 adaugendi
1491 3023 1628 3088 criminis

305 3136 407 3182 causa.
449 3117 501 3184 48.
522 3115 644 3180 Primus
666 3115 753 3181 locus
775 3115 909 3180 sumitur
930 3118 969 3179 ab
995 3114 1196 3191 auctoritate,
1231 3137 1303 3181 enm
1325 3137 1625 3194 commemoramus,

303 3217 438 3298 quantam
459 3229 552 3275 curae
574 3229 612 3274 ea
632 3229 683 3275 res
704 3210 798 3275 fuerit
818 3208 877 3276 diis
899 3209 1128 3276 immortalibus
1149 3218 1203 3275 aut
1223 3210 1397 3278 maioribus
1417 3211 1548 3289 nostris,
1578 3232 1627 3277 re·

265 3325 294 3369 se
304 3309 412 3390 gibus,
444 3302 636 3380 civitatibus,
667 3303 861 3381 nationibus,
891 3303 1071 3370 hominibus
1092 3304 1346 3390 sapientissimis,
1376 3308 1507 3373 senatui.
1549 3310 1627 3372 Item

303 3399 457 3475 maxime,
491 3420 555 3485 quo
583 3397 679 3465 modo
700 3397 740 3464 de
761 3399 809 3465 his
830 3396 925 3465 rebus
947 3397 1067 3484 legibus
1089 3399 1240 3464 sancitum
1262 3401 1312 3471 sit.
1357 3401 1519 3468 Secundus
1539 3401 1627 3467 locus

304 3503 368 3571 est,
390 3514 461 3560 cum
483 3493 734 3569 consideramus,
764 3493 836 3560 illae
859 3515 923 3568 res,
957 3490 1131 3579 dequibus
1153 3493 1368 3572 criminamur,
1392 3495 1431 3560 ad
1454 3517 1534 3582 quos
1554 3516 1628 3579 per·

302 3586 437 3670 tineant;
471 3597 576 3655 utrum
604 3588 645 3655 ad
673 3609 798 3662 omnes,
832 3587 918 3674 qnod
946 3588 1174 3653 atrocissimum
1201 3597 1265 3667 est,
1301 3611 1340 3655 an
1369 3595 1408 3656 ad
1430 3591 1625 3677 superiores,

187 3737 202 3810 s
302 3688 388 3772 qnod
409 3704 508 3769 genus
530 3685 553 3750 ii
574 3691 662 3760 sunt,
695 3681 849 3773 aquibus
877 3679 1068 3748 auctoritatis
1098 3681 1186 3749 locus
1208 3687 1381 3752 communis
1402 3689 1550 3765 sumitur;
1586 3705 1627 3750 an

178 3811 206 3882 pa
264 3778 342 3845 asad
363 3799 470 3866 pares,
492 3779 640 3872 hocest,
664 3780 697 3844 in
718 3778 835 3846 eisdam
856 3777 999 3866 partibus
1020 3775 1133 3852 animi,
1158 3782 1319 3864 corporis,
1349 3779 1546 3846 fortunarum
1568 3800 1627 3862 po-

301 3874 395 3954 sitos;
430 3895 470 3939 an
498 3873 538 3940 ad
566 3872 749 3950 inferiores,
784 3874 839 3961 qui
865 3873 1011 3939 omnibns
1039 3869 1087 3935 his
1109 3868 1203 3936 rebus
1225 3872 1460 3940 antecelluntnr.
1503 3872 1625 3939 Tertius

301 3969 390 4036 locus
412 3977 478 4047 est,
508 3992 571 4058 qno
594 3978 829 4056 percontamur,
860 3965 936 4056 qnid
957 3965 998 4031 sit
1019 3973 1221 4042 eventurum,
1244 3966 1272 4032 si
1292 3966 1437 4033 omnibus
1452 3965 1534 4033 idem
1550 3987 1625 4032 con-

302 4063 444 4143 cedatur,
469 4072 513 4142 et,
536 4085 574 4131 ea
589 4086 624 4131 re
645 4064 803 4150 neglecta,
827 4060 1038 4135 ostendimus,
1061 4059 1136 4149 quid
1158 4061 1370 4147 periculorum
1393 4071 1485 4149 atque
1506 4061 1625 4128 incom-

300 4161 469 4228 modorum
490 4171 710 4248 consequatur.
755 4163 891 4238 Quartus
913 4157 1000 4223 locus
1027 4162 1088 4229 est,
1121 4174 1185 4240 qno
1214 4155 1460 4234 demonstratur,
1496 4156 1523 4221 si
1551 4154 1624 4220 huic

300 4257 341 4324 sit
362 4258 543 4337 remissum,
566 4259 680 4324 multos
702 4254 868 4322 alacriores
889 4252 931 4318 ad
950 4246 1100 4316 maleficia
1120 4247 1261 4328 futuros,
1290 4272 1370 4339 qnos
1390 4251 1493 4317 adhuc
1513 4270 1624 4337 exspe-

370 4519 397 4570 t.
416 4516 725 4571 tentanum.P.tBF1t.
763 4515 816 4568 Nes
834 4513 998 4565 seetnstmue.
1019 4535 1048 4548 -
1068 4508 1096 4559 t.
1115 4509 1230 4573 qntrtqae
1248 4507 1270 4559 Α
1289 4514 1316 4560 et
1334 4523 1401 4561 corr.
1415 4509 1447 4561 P.
1469 4533 1498 4546 -·
1517 4509 1545 4560 8.
1562 4511 1621 4572 pre·-

298 4604 371 4642 nnun
383 4598 443 4652 post
454 4595 491 4639 ert
503 4603 555 4640 orn.
573 4586 661 4639 aaut
681 4585 735 4651 (lttc
748 4589 775 4637 ln
789 4583 907 4646 lacuna),
928 4582 959 4631 l..
978 4605 1012 4616 -
1030 4580 1197 4630 concluditur
1213 4580 1335 4631 PABPT.
1357 4605 1388 4617 -
1408 4583 1452 4631 1³.
1473 4582 1623 4645 tripertitae
1744 4629 1748 4639 ,

298 4663 360 4724 ΡΤ,
380 4662 412 4712 tt.
449 4660 504 4718 tStc
518 4657 643 4726 oletque.)
656 4683 687 4694 -
708 4657 820 4710 tt-ta.
840 4655 927 4706 Verba
940 4653 1042 4703 seclusa
1060 4665 1112 4701 om.
1126 4651 1165 4710 T,
1185 4664 1225 4714 pr.
1241 4651 1317 4702 Letd.
1333 4653 1355 4702 l.
1371 4651 1446 4702 Voss.
1459 4651 1495 4701 ll.
1533 4651 1621 4702 Ceteri

300 4739 381 4786 noctrt
401 4737 514 4784 terrant.
536 4756 567 4769 -
598 4731 641 4782 18.
660 4735 690 4779 nt
714 4726 841 4792 qntdqutd
865 4725 919 4775 PT.
943 4748 977 4758 —
1004 4720 1142 4783 retentans
1161 4723 1195 4782 tt,
1214 4721 1252 4780 L,
1277 4722 1357 4774 Sene
1388 4721 1534 4784 referemus
1557 4722 1620 4781 Tu,

299 4807 438 4869 reserarunt
453 4804 554 4854 essu.
574 4827 606 4840 -
632 4801 678 4852 tt.
694 4801 728 4850 ln
745 4813 798 4864 qno
816 4796 878 4856 BP,
899 4794 935 4845 t:
955 4793 1021 4845 item
1038 4791 1161 4842 aaran.
1182 4816 1211 4828 -
1231 4792 1275 4842 at.
1295 4794 1358 4859 ficta
1375 4791 1497 4846 PBPRT.
1519 4819 1547 4830 -
1575 4793 1619 4843 ῃ.

299 4875 362 4927 Trta
375 4876 441 4927 haee
458 4880 521 4934 ant,
540 4888 608 4940 qnae
626 4873 798 4926 seclnrtrnus,
818 4881 870 4918 non
892 4869 1045 4926 comparent
1063 4867 1090 4913 tn
1109 4863 1169 4922 Pri,
1188 4873 1237 4912 nec
1257 4865 1283 4913 tn
1303 4863 1340 4925 B,
1360 4867 1406 4929 qut
1426 4863 1508 4914 habet
1525 4867 1550 4912 et
1565 4877 1621 4914 me·

298 4949 415 5005 mortae.
443 4958 530 5010 nequo
559 4949 585 4997 tn
609 4943 694 5001 rut,
724 4943 769 5004 qut
794 4940 894 4991 hahent
916 4935 1063 4999 insontique
1081 4957 1120 4972 ··
1147 4939 1172 4984 ct
1189 4937 1341 4988 menorans.
1366 4957 1399 4970 -
1429 4933 1473 4984 Pl.
1493 4947 1533 4985 rea
1559 4939 1621 4984 runt

299 5017 426 5070 PABFT:
452 5023 513 5068 aunt
537 5029 579 5068 rea
599 5016 656 5065 tttt.
686 5037 715 5049 -
743 5013 787 5062 25.
809 5017 844 5059 est
863 5003 1081 5072 rerqnaaAFR.
1105 5027 1140 5040 -
1171 5003 1215 5056 aa.
1235 5014 1370 5060 sumentur
1387 5002 1441 5057 PT.
1468 5029 1499 5042 -
1526 5003 1573 5056 34.
1592 5005 1620 5056 tn'

299 5089 444 5144 Pnurttt.
465 5115 493 5131 -
515 5087 559 5142 38.
579 5087 742 5141 attendemus
760 5079 906 5133 renunt.
