3720 5840
707 457 783 524 LlB.
805 459 830 528 l.
874 455 962 526 (1.7.
990 455 1022 522 3.
1045 455 1077 522 t.
1531 453 1551 522 3

229 625 291 701 sit,
325 630 358 690 et
385 643 443 710 per
470 642 564 708 mam
596 621 803 702 exponimus,
828 619 942 704 quibus
964 617 1003 683 de
1024 618 1120 682 rebus
1141 615 1238 682 simus
1262 615 1387 680 dicturi.
1433 612 1553 680 Confir-

228 720 325 784 matio
348 726 396 784 est
416 726 598 784 nostrorum
620 722 877 800 argumentorum
900 713 1056 798 expositio
1079 733 1151 777 eum
1171 713 1415 778 asseveratione.
1471 711 1553 774 Con·

228 814 339 876 lutatio
363 820 411 876 est
432 813 661 877 contrariorum
684 811 828 874 locorum
857 807 1034 873 dissolutio.
1093 809 1262 873 Conclusio
1292 815 1339 872 est
1367 803 1552 871 artificiosus

228 910 382 972 terminus
404 909 568 972 orationis.
613 908 721 980 Nune,
746 904 894 989 quoniam
916 923 1073 969 unacum
1095 904 1229 969 oratoris
1253 900 1384 980 officiis,
1415 921 1552 989 queres

228 1004 357 1086 cognitu
378 1003 503 1067 iacilior
525 1008 628 1076 esset,
663 999 810 1082 producti
832 1019 957 1075 sumus,
985 1005 1021 1062 ut
1042 1001 1081 1062 de
1103 998 1256 1067 orationis
1277 998 1419 1081 partibus
1441 998 1574 1082 loque-s

228 1119 336 1162 remur
369 1105 401 1162 et
432 1119 486 1161 eas
519 1098 559 1162 ad
589 1095 779 1161 inventionis
806 1095 962 1158 rationem
984 1096 1314 1171 accommodaremus,
1351 1095 1392 1158 de
1419 1093 1550 1158 exordio

228 1193 366 1275 primum
389 1193 556 1270 dicendum
578 1192 713 1257 videtur.
877 1181 879 1188 ⁴

313 1293 344 1352 5.
369 1287 471 1352 Causa
490 1287 615 1370 posita,
641 1306 704 1370 quo
727 1285 925 1349 commodius
947 1285 1086 1350 exordiri
1107 1286 1285 1368 possimus,
1319 1305 1418 1370 genus
1440 1302 1552 1350 causae

229 1388 277 1446 est
297 1382 571 1446 considerandum.
618 1381 741 1444 Genera
763 1399 928 1444 causarum
950 1387 1023 1446 sunt
1045 1388 1210 1466 quattuor:
1234 1382 1423 1473 hernestum,
1446 1389 1551 1464 turpe,

229 1476 378 1552 dubium,
402 1478 533 1541 humile.
579 1477 755 1540 Honestum
777 1495 889 1539 samaa
912 1496 1011 1561 genus
1032 1483 1182 1560 putatur,
1220 1495 1292 1539 cum
1314 1484 1368 1541 aut
1388 1477 1421 1540 id
1444 1474 1591 1554 delen-se

228 1572 354 1646 dimus,
390 1573 475 1656 quod
497 1573 537 1636 ab
560 1571 707 1634 omuibus
729 1570 962 1634 defendendum
993 1571 1139 1647 videtur,
1177 1576 1232 1634 aut
1259 1571 1293 1634 id
1319 1591 1552 1654 oppugnamus,

229 1667 315 1750 qued
336 1667 376 1730 ab
400 1667 547 1730 omuibus
569 1666 694 1730 videtur
721 1666 898 1748 oppugnari
926 1667 1060 1744 debere3
1095 1672 1131 1729 ut
1151 1685 1210 1747 pro
1232 1666 1302 1730 viro
1323 1665 1421 1742 lorti,
1445 1674 1555 1732 contra

228 1762 428 1844 parricidam.
473 1764 579 1844 Turpe
600 1779 698 1845 genus
719 1759 926 1844 intelligitur,
961 1781 1032 1824 cum
1054 1767 1108 1825 aut
1127 1760 1261 1824 honesta
1282 1781 1333 1826 res
1355 1769 1556 1846 oppugnatur

228 1863 283 1920 aut
302 1856 481 1922 detenditur
501 1856 613 1938 turpis.
658 1855 795 1918 Dubium
818 1875 917 1939 genus
940 1862 988 1920 est
1000 1901 1010 1932 ,
1047 1875 1119 1920 eum
1147 1856 1244 1920 habet
1274 1856 1308 1918 in
1336 1875 1370 1920 se
1401 1875 1495 1922 eausa
1523 1864 1556 1920 et

227 1952 401 2016 honestatis
423 1957 455 2016 et
476 1950 676 2033 turpitudinis
704 1956 838 2032 partem.
883 1951 1011 2014 Humile
1040 1971 1139 2034 genus
1168 1957 1238 2026 est,
1273 1971 1345 2014 cum
1374 1957 1590 2034 contemptam

228 2065 279 2110 res
300 2044 441 2110 affertur.
485 2045 538 2108 IV.
563 2046 595 2108 6.
620 2044 698 2108 Cum
720 2043 797 2110 baec
818 2046 862 2109 ita
883 2047 966 2122 siut,
990 2045 1159 2110 conveniet
1178 2045 1384 2110 exordiorum
1398 2046 1554 2109 rationem

227 2141 268 2204 ad
296 2159 408 2204 causae
437 2159 536 2224 genus
564 2141 809 2204 accommodari.
853 2142 1065 2205 Exordiorum
1095 2143 1158 2205 duo
1186 2148 1260 2205 suut
1290 2159 1428 2225 genera,
1466 2140 1555 2222 prin-

228 2235 367 2318 cipium,
392 2237 477 2320 quod
500 2235 617 2300 Graece
640 2245 814 2322 προοίμιον
836 2237 1033 2319 appellatur,
1057 2242 1090 2301 et
1107 2235 1297 2312 insinuatio,
1325 2255 1407 2321 quae
1432 2233 1554 2318 ἔφοδος

225 2333 417 2395 nominatur.

311 2425 502 2508 Principium
533 2431 598 2502 est,
634 2445 707 2490 eum
734 2425 837 2490 statim
859 2426 1011 2491 auditoris
1034 2425 1174 2490 animum
1193 2427 1290 2490 nobis
1311 2425 1461 2491 idoneum
1483 2426 1591 2491 red-so

227 2519 330 2584 dimus
351 2521 391 2584 ad
413 2521 615 2584 audiendum.
662 2522 697 2583 Id
719 2521 762 2584 ita
783 2521 939 2597 sumitur,
968 2526 1004 2584 ut
1024 2527 1182 2596 attentos,
1211 2527 1248 2584 ut
1269 2521 1410 2597 dociles,
1442 2527 1477 2585 ut
1498 2523 1555 2585 be-

225 2616 359 2680 nevolos
381 2616 539 2679 auditores
560 2616 679 2678 habere
701 2617 870 2698 possimus.
916 2617 948 2680 Si
964 2636 1063 2700 genus
1078 2635 1190 2679 causae
1205 2616 1337 2679 dubium
1352 2616 1552 2693 habebimus,

227 2729 246 2773 a
267 2709 489 2774 benevolentia
510 2709 700 2791 principium
722 2711 971 2787 constituemus,
1008 2729 1050 2773 ne
1078 2709 1155 2795 quid
1180 2710 1236 2774 illa
1257 2710 1459 2794 turpitudinis
1480 2730 1553 2794 pars

225 2805 320 2868 nobis
341 2805 455 2868 obesse
476 2805 587 2886 possit.
640 2805 695 2867 Sin
716 2805 836 2869 humile
860 2825 958 2889 genus
980 2806 1042 2869 erit
1063 2825 1195 2881 causae,
1229 2804 1380 2868 iaciemus
1402 2811 1551 2870 amentor.

227 2899 282 2962 Sin
303 2904 397 2980 turpe
418 2919 531 2963 causae
552 2917 651 2983 genus
674 2900 751 2975 erit,
784 2899 995 2964 insinuatione
1022 2901 1173 2964 utendum
1200 2907 1265 2976 est,
1301 2902 1340 2964 de
1364 2919 1427 2985 qua
1447 2907 1589 2982 poste-ss

225 2994 291 3058 rius
323 2994 483 3070 dicemus,
516 2995 577 3057 nisi
607 2995 681 3078 quid
714 2995 799 3058 nacti
827 2995 964 3072 erimus,
1002 3013 1100 3080 quam
1125 2996 1324 3060 adversaries
1356 2995 1551 3060 criminando

226 3088 479 3152 benevolentiam
501 3108 613 3170 capere
628 3091 797 3171 possimus.
844 3091 899 3154 Sin
913 3091 1083 3156 honestum
1098 3109 1211 3154 causae
1229 3109 1328 3175 genus
1343 3089 1421 3166 erit,
1445 3090 1554 3155 licebit

225 3183 383 3246 necteret
411 3184 457 3246 uti
484 3183 536 3248 vel
563 3203 629 3246 nou
656 3183 703 3247 uti
724 3184 892 3266 principio.
939 3185 973 3248 Si
992 3186 1039 3250 uti
1061 3186 1223 3261 volemus,
1260 3191 1315 3250 aut
1337 3185 1371 3249 id
1392 3186 1554 3268 oportebit

226 3278 410 3352 ostendere,
449 3297 546 3362 quare
579 3297 673 3342 causa
702 3279 744 3342 sit
772 3279 925 3355 honesta,
959 3285 1014 3344 aut
1041 3281 1201 3357 breviter,
1239 3279 1355 3364 quibus
1385 3282 1425 3344 de
1457 3281 1552 3345 rebus

225 3371 323 3436 simus
345 3371 475 3448 dicturi,
499 3392 671 3456 exponere.
718 3373 773 3436 Sin
795 3373 951 3457 principio
965 3375 1013 3438 uti
1028 3376 1193 3451 nolemus,
1218 3375 1340 3458 alege,
1364 3373 1589 3456 ascripturast

161 3496 164 3511 ·
225 3473 281 3530 aut
306 3468 346 3530 ab
376 3467 482 3552 aliquo
511 3463 689 3532 firmissimo
718 3475 846 3534 nostrae
872 3489 984 3534 causae
1015 3470 1195 3533 adiumento
1225 3468 1415 3551 principium
1438 3487 1551 3551 capere

226 3560 396 3644 oportebit.
438 3563 470 3625 7.
494 3562 651 3639 Quoniam
672 3563 769 3647 igitur
789 3564 944 3640 docilem,
968 3565 1176 3641 benevolum,
1200 3569 1354 3627 attentum
1376 3563 1551 3629 auditorem

225 3659 344 3723 babere
364 3657 511 3721 volumus
523 3703 533 3734 ,
557 3660 719 3743 qiromodo
742 3660 881 3745 quidque
903 3660 1017 3724 contisi
1038 3660 1158 3742 possit,
1182 3659 1371 3742 aperiemus.
1423 3659 1550 3722 Dociles

224 3753 386 3818 auditores
406 3751 525 3817 babere
546 3755 738 3836 poterimus,
774 3755 800 3817 si
832 3774 987 3820 summam
1009 3773 1122 3818 musae
1142 3756 1282 3819 breviter
1303 3771 1497 3837 exponemus
1519 3760 1552 3817 et

224 3847 252 3911 si
282 3853 419 3912 attentos
454 3867 510 3911 eos
538 3848 712 3928 iaciemus3
746 3869 820 3912 nam
849 3851 960 3914 docilis
989 3855 1058 3926 est,
1097 3849 1152 3934 qni
1184 3855 1301 3914 attente
1332 3849 1400 3914 vult
1427 3849 1587 3913 audiress

224 3946 368 4008 Attentos
394 3941 601 4020 babebimus,
637 3945 662 4008 si
691 3945 916 4030 pollicebimur
951 3965 1010 4009 nos
1046 3946 1086 4010 de
1121 3945 1217 4009 rebus
1256 3944 1400 4028 maguis,
1443 3943 1547 4019 novis,

224 4037 381 4102 inusitatis
401 4038 499 4102 verba
519 4037 680 4114 facturos,
711 4045 765 4103 aut
786 4042 825 4104 de
846 4039 905 4116 iis,
936 4061 1019 4125 quae
1041 4040 1082 4103 ad
1103 4059 1170 4104 rem
1190 4039 1351 4122 publicam
1371 4037 1550 4120 pertineant

224 4133 340 4198 autad
362 4151 418 4196 eos
438 4133 543 4215 ipsos,
567 4133 622 4218 qui
644 4133 792 4211 audient,
817 4137 932 4199 autad
954 4138 1086 4199 deorum
1102 4135 1327 4199 immortalium
1342 4132 1546 4217 religionem

225 4234 258 4291 et
288 4225 315 4290 si
347 4228 552 4312 rogabimus,
589 4235 625 4292 ut
651 4235 768 4294 attento
797 4229 944 4308 audiant;
983 4237 1015 4294 et
1041 4231 1067 4294 si
1095 4246 1230 4294 numere
1260 4245 1455 4311 exponemus
1483 4246 1546 4304 res,

225 4322 340 4407 quibus
373 4324 413 4386 de
441 4325 537 4388 rebus
569 4324 682 4389 dicturi
711 4343 830 4389 sumus.
875 4326 907 4388 8.
937 4325 1114 4389 Benevolos
1140 4325 1301 4388 auditores
1326 4322 1431 4386 iacere
1458 4328 1585 4407 quat-se

224 4422 298 4482 tuor
318 4417 422 4481 modis
442 4438 632 4503 possumus:
657 4437 676 4484 a
695 4426 826 4498 nostra,
849 4421 890 4483 ab
912 4420 1186 4496 adversariorum,
1213 4419 1253 4482 ab
1276 4417 1454 4482 auditorum
1475 4436 1548 4498 per-

294 4578 320 4631 1.
338 4577 476 4632 sumus'l.
491 4604 523 4619 ·-
542 4581 632 4633 actast
644 4579 719 4632 rur.
745 4579 780 4632 Ut
792 4593 856 4644 uos,
876 4581 977 4636 trau.
993 4609 1026 4620 -
1044 4582 1071 4632 2.
1091 4583 1235 4634 assertione
1254 4591 1314 4630 eum
1333 4577 1390 4631 altis
1403 4577 1445 4641 ll,
1465 4577 1546 4631 attera

225 4647 339 4704 lectione
367 4652 400 4703 rb
429 4653 520 4705 eadem
540 4666 619 4704 manu
643 4665 774 4716 superser.
805 4677 835 4689 -·
867 4651 893 4703 9.
920 4661 957 4705 est
976 4653 1076 4704 consid
1099 4652 1205 4707 PBFT:
1236 4649 1492 4702 comtestalis.
1514 4671 1546 4688 -

225 4725 270 4774 11.
289 4721 318 4773 id
336 4736 388 4775 om.
408 4722 460 4776 Pu.
481 4750 512 4762 -
531 4725 575 4774 17.
595 4737 690 4774 susem
708 4736 787 4791 penus
804 4721 1013 4784 PABFRT,1.=
1033 4737 1113 4788 pentes
1131 4735 1227 4774 censes
1240 4723 1270 4773 u.
1284 4747 1313 4760 -
1334 4719 1377 4770 St.
1396 4733 1478 4787 penus
1497 4722 1547 4770 ertt

224 4792 359 4845 raras:
379 4795 430 4846 erit
447 4807 528 4860 penest
545 4795 599 4846 as.
615 4819 646 4830 -
665 4795 709 4846 25.
730 4807 825 4847 causus
841 4806 924 4862 peaes
942 4792 1003 4858 erit]
1023 4807 1075 4844 om.
1097 4795 1172 4847 Voss.
1193 4800 1253 4845 tert.
1272 4793 1319 4854 1..,
1339 4791 1401 4842 Seis.
1439 4791 1547 4842 liabent

225 4867 368 4916 1101111-
388 4865 434 4916 27.
455 4871 563 4928 captore
581 4865 644 4928 itit,
664 4864 702 4927 t,
723 4865 817 4916 Graes.
832 4889 865 4900 -
885 4865 928 4914 30.
948 4865 996 4914 Sin
1014 4863 1125 4915 Alill'l':
1145 4865 1174 4914 St
1193 4865 1266 4914 Pru.
1283 4887 1313 4900 —
1332 4861 1376 4912 ³2.
1396 4862 1547 4912 auditorem

226 4936 319 4988 bebere
335 4935 455 4987 vetemus
474 4935 559 4988 Palis
578 4937 727 4988 auditorem
744 4937 866 4986 volemus
883 4934 977 4986 lebera
994 4934 1079 4995 rur,
1099 4935 1193 4986 tabere
1211 4934 1362 4986 auditorem
1378 4933 1498 4984 columns
1512 4931 1543 4982 li.

225 5031 260 5042 -
278 5005 322 5058 35.
343 5015 381 5058 est
398 5009 443 5074 put
461 5007 546 5058 PBT:
566 5016 603 5059 est
621 5007 644 5058 ts
662 5009 707 5072 pst
725 5007 827 5058 arnt.
847 5027 879 5043 -
908 5005 951 5056 37.
973 5001 1017 5069 tis]
1037 5007 1077 5056 itis
1093 5006 1180 5069 PBT,
1200 5006 1240 5055 tis
1256 5005 1332 5057 rebus
1350 5004 1390 5064 Α,
1408 5004 1485 5055 rebus
1506 5001 1546 5052 tta

225 5075 265 5136 Ρ,
283 5078 359 5129 retus
376 5079 410 5128 tis
428 5079 468 5140 a,
492 5081 526 5130 tis
543 5077 619 5130 retiis
637 5079 667 5129 s.
687 5103 721 5118 ·-
749 5077 792 5130 41.
810 5078 957 5143 poterimus
974 5076 1052 5129 nult.
1073 5101 1104 5113 -
1133 5077 1237 5129 advers.
1256 5082 1410 5128 nostrumne
1427 5073 1461 5127 ub
1478 5073 1544 5125 aad.

225 5147 310 5212 PBT,
329 5149 432 5202 edom.
451 5155 605 5204 consutum
622 5150 687 5206 aad.
706 5147 745 5214 A,
764 5150 866 5203 edoce.
885 5147 1005 5214 aed.1‘,
1024 5148 1221 5203 macrescat
1240 5148 1304 5202 eud.
1325 5145 1358 5199 a.
