3746 5850
292 441 368 538 ¹trra
887 441 1049 512 cassos

305 604 428 690 quitur.
461 621 534 669 cum
556 621 650 670 versu
671 603 712 668 sit
732 602 921 671 adstrictior.
951 609 1020 670 -68,
1054 608 1122 692 Ego
1144 611 1266 683 autem,
1291 607 1413 674 etiamsi
1435 611 1633 696 quorundam

306 699 434 783 pandis
456 707 488 763 et
509 708 619 764 ornata
640 717 704 764 vox
726 706 775 764 cst
795 707 974 782 poetaram,
1007 709 1114 766 tamen
1143 702 1176 766 in
1197 721 1236 766 ca
1257 721 1329 767 cum
1350 701 1507 768 licentiam
1530 710 1631 769 statuo

303 791 456 858 maiorem
486 813 555 858 csse
585 813 679 878 quam
705 792 739 858 in
767 795 859 859 nobis
885 791 1102 862 faciendorum
1123 796 1419 886 iungendorumque
1440 796 1630 876 verborum,

302 895 369 952 tum
391 885 485 951 etiam
506 885 727 953 nonnullorum
749 886 904 955 voluntati
931 887 1062 956 vocibus
1088 891 1189 977 magis
1210 910 1304 978 quam
1327 890 1422 958 rebus
1443 892 1629 957 inserviunt.

180 1001 210 1106 p
281 983 369 1047 absc
391 971 505 1076 vero(
518 984 544 1048 si
574 981 649 1070 quid
672 991 720 1048 ast
740 1005 838 1048 unum
859 985 942 1050 inter
964 1007 1020 1050 cos
1041 986 1142 1053 simile
1163 1021 1205 1036 -
1228 988 1261 1051 id
1283 994 1387 1052 autem
1410 996 1459 1052 est
1480 985 1632 1052 iudicium

304 1075 479 1163 electioque
493 1075 739 1182 verborumJ-‚
761 1088 929 1167 propterea
945 1088 1121 1147 ceterarum
1136 1070 1479 1147 rerum“dissimilitudc
1497 1078 1631 1164 intelligi

302 1192 368 1239 non
389 1180 510 1259 potest3
548 1176 605 1239 sed
627 1176 660 1239 id
681 1196 740 1239 nec
762 1173 893 1240 dubium
915 1183 963 1241 cst
985 1185 1032 1252 et,
1060 1177 1087 1242 si
1109 1179 1185 1262 quid
1207 1174 1304 1242 babet
1323 1179 1536 1262 quaestionis,
1571 1179 1633 1240 boc

302 1275 408 1334 nmen
429 1270 533 1352 ipsum
555 1269 666 1346 adid,
689 1271 775 1355 quod
796 1273 993 1357 propositum
1015 1279 1080 1348 cst,
1103 1281 1233 1337 nonest
1253 1273 1476 1339 necessarium.
1521 1273 1632 1336 Seiun-

303 1369 371 1427 ctus
392 1361 489 1446 igitur
510 1371 617 1428 orator
637 1385 657 1428 a
677 1363 939 1450 pbilosophorum
961 1365 1159 1453 eloquentia,
1183 1386 1201 1431 a
1218 1367 1444 1452 sophistarum,
1469 1362 1509 1432 ab
1532 1363 1633 1432 bisto-

266 1458 461 1544 soricorum,
485 1477 504 1522 a
525 1466 690 1543 potiturum
707 1461 916 1546 explicandus
938 1469 986 1526 est
1006 1459 1098 1526 nobis
1120 1460 1220 1545 qualis
1241 1459 1367 1528 iuturus
1388 1464 1441 1528 sit.

386 1553 475 1617 xxl.
499 1555 552 1618 69.
575 1552 919 1640 Eritigiturcloquens
934 1557 1077 1621 —bunc
1092 1557 1175 1621 enim
1197 1564 1327 1622 auctore
1348 1557 1483 1623 Antonio
1507 1556 1632 1643 quaeri-

303 1667 373 1714 mus
384 1648 480 1724 -is,
499 1649 553 1732 qui
567 1649 601 1712 in
614 1646 686 1715 loro
702 1649 869 1737 canusque
879 1649 1023 1718 civilibus
1038 1650 1082 1716 ita
1096 1648 1189 1725 dicct,
1205 1657 1241 1716 ut
1253 1646 1377 1737 probet,
1392 1658 1429 1716 ut
1438 1649 1581 1725 delectet,
1596 1655 1633 1714 ut

303 1745 419 1808 flectat.
464 1744 605 1808 Probare
627 1742 822 1810 necessitatis
844 1753 908 1822 est,
931 1746 1087 1813 delectare
1108 1746 1283 1819 suavitatis.
1311 1742 1437 1810 flectere
1459 1743 1629 1822 victoriac;

302 1857 375 1902 nam
389 1837 422 1902 id
436 1856 534 1903 unum
549 1857 591 1902 cx
605 1839 752 1905 omnibns
765 1840 805 1904 ad
820 1837 1005 1906 obtinendas
1020 1860 1129 1907 causas
1143 1847 1247 1925 potest
1259 1841 1443 1928 plurimum.
1478 1842 1540 1905 Sed
1553 1846 1632 1926 quot

265 1943 294 1986 ¹⁵
304 1933 409 1998 officia
423 1931 578 2007 oratoris,
600 1939 649 1998 tot
663 1940 736 1998 sunt
753 1953 869 2017 genera
883 1934 1024 2001 dicendi:
1047 1932 1162 2001 subtile
1175 1935 1208 1998 in
1220 1931 1401 2021 probando,
1424 1932 1583 2000 modicum
1597 1931 1632 1998 in

303 2024 501 2102 delectando,
517 2028 689 2091 uehemens
704 2025 736 2091 ia
750 2025 922 2108 flectendo;
944 2031 1055 2114 inquo
1070 2050 1134 2093 uno
1150 2031 1198 2094 uis
1213 2030 1314 2093 omnis
1329 2029 1465 2094 oratoris
1480 2033 1539 2093 est.
1575 2028 1628 2091 70.

254 2194 260 2203 ,
302 2119 408 2206 Magni
421 2119 519 2206 igitur
531 2118 660 2197 iudicii,
684 2141 824 2187 summae
843 2122 938 2188 etiam
957 2120 1112 2188 facultatis
1133 2142 1202 2190 esse
1224 2120 1353 2188 debebit
1373 2125 1558 2188 moderator
1578 2117 1632 2186 ille

304 2223 338 2282 ct
358 2213 449 2304 qnasi
470 2223 662 2301 temperator
683 2214 777 2283 buius
796 2216 972 2301 tripartitae
994 2217 1165 2289 sanctatis.
1206 2221 1286 2283 Nam
1309 2224 1341 2282 et
1361 2214 1528 2294 iudicabit,
1554 2213 1631 2301 qnid

304 2314 418 2398 cuique
439 2329 519 2397 opus
541 2312 602 2386 sit,
633 2318 665 2375 et
683 2309 819 2397 poterit,
849 2329 1039 2397 quocunque
1060 2315 1155 2378 modo
1177 2311 1349 2399 postulabit
1374 2333 1485 2389 causa,
1515 2308 1632 2376 dicere.

266 2403 367 2472 scSed
388 2411 436 2470 est
455 2404 653 2492 eloquentiae
673 2408 755 2470 sicut
775 2404 968 2492 reliquarum
991 2429 1097 2473 rerum
1118 2405 1355 2474 fundamentum
1380 2405 1540 2493 sapientia.
1593 2407 1633 2471 Ut

304 2501 387 2568 enim
408 2501 443 2564 in
465 2500 546 2575 vita,
570 2499 615 2564 sic
636 2500 669 2564 in
692 2500 834 2566 aratione
856 2500 934 2566 nibil
955 2509 1003 2565 est
1017 2500 1174 2568 difficilius
1189 2522 1281 2589 quam
1297 2499 1373 2588 quid
1388 2503 1498 2566 deceat
1510 2498 1632 2566 videre.

304 2593 445 2682 Hpa'scv
473 2592 629 2680 appellant
649 2597 712 2660 boc
734 2593 862 2676 Graeci;
898 2615 957 2663 nos
978 2595 1119 2662 dicamus
1140 2616 1214 2661 sane
1243 2599 1445 2662 decorum.
1496 2597 1544 2659 Dc
1565 2613 1630 2678 quo

303 2687 464 2777 praeclare
485 2697 517 2753 et
538 2687 635 2754 multa
653 2688 893 2774 praecipiuntur
913 2697 946 2754 et
965 2709 1015 2755 res
1036 2699 1085 2757 est
1098 2689 1276 2776 cognitione
1291 2687 1483 2773 dignissima.
1528 2689 1631 2755 Huius

303 2785 502 2868 ignoratione
515 2803 582 2848 non
596 2785 691 2849 modo
705 2785 739 2849 in
754 2786 840 2862 vita,
858 2787 915 2850 sed
929 2786 1112 2872 saepissime
1125 2793 1157 2851 et
1170 2787 1203 2848 in
1218 2785 1374 2868 poematis
1388 2793 1420 2848 et
1438 2784 1472 2850 in
1488 2782 1633 2848 oratione

265 2894 295 2938 at
304 2885 464 2966 peccatur.
509 2880 562 2943 71.
585 2881 640 2944 Est
654 2888 774 2956 antem,
790 2878 866 2977 quid
881 2877 1006 2958 deccat,
1023 2878 1142 2946 oratori
1155 2877 1327 2946 ridendum
1343 2899 1408 2944 non
1421 2879 1455 2945 in
1469 2876 1633 2944 sententiis

305 2975 409 3040 solum
431 2972 487 3040 sed
509 2973 603 3040 etiam
621 2975 655 3038 in
669 2971 787 3040 verbis.
814 2982 823 3028 t
832 2977 902 3041 Non
923 2977 1007 3040 enim
1029 2977 1131 3042 omnis
1152 2972 1299 3053 fortuna,
1320 2993 1386 3040 non
1401 2972 1502 3039 omnis
1516 2972 1631 3048 bonos,

304 3087 369 3134 non
391 3069 493 3134 omnia
521 3065 707 3145 auctoritas,
742 3071 934 3136 non'omnis
958 3077 1043 3136 aetas
1067 3091 1127 3136 nec
1150 3091 1226 3137 vero
1248 3068 1337 3136 locus
1358 3075 1413 3134 aut
1434 3074 1555 3155 tempus
1577 3073 1633 3133 aut

9 3199 10 3244 ;
130 3163 150 3250 ᾗ
172 3193 228 3244 s,-
305 3161 431 3229 auditor
444 3164 546 3229 omnis
560 3162 742 3233 eodembrut
755 3160 1056 3250 vorborumgenera
1072 3163 1249 3231 tractandus
1265 3153 1381 3230 estant
1393 3163 1630 3238 sententiarum,

304 3277 492 3344 semperque
504 3245 546 3323 ¹iu
567 3256 655 3324 omni
670 3242 763 3344 ¹parte
785 3258 937 3327 orationis
957 3268 992 3327 ut
1016 3262 1116 3339 vitae,
1151 3262 1226 3347 quid
1256 3245 1395 3336 dobosa·
1413 3263 1462 3322 cst
1488 3256 1633 3322 conside-

268 3354 459 3418 aarandum:
496 3355 581 3440 quod
604 3361 636 3418 et
655 3351 689 3418 in
710 3373 764 3431 re,
798 3351 839 3420 dc
859 3375 921 3442 qua
942 3357 1060 3440 agitur,
1092 3354 1230 3442 positum
1261 3362 1309 3419 est
1329 3351 1361 3418 ct
1381 3350 1414 3418 in
1435 3351 1578 3438 personis
1600 3358 1633 3418 et

305 3465 437 3524 corum,
474 3449 528 3531 qui
551 3449 675 3526 dicunt,
710 3456 895 3525 eteorum,
928 3452 984 3537 qui
1011 3448 1152 3516 audiunt.
1197 3451 1248 3514 72.
1280 3449 1389 3534 Itaque
1415 3449 1499 3511 bunc
1525 3444 1632 3512 locum

305 3543 401 3626 longe
414 3547 447 3608 et
459 3541 521 3609 late
536 3548 693 3628 patentem
714 3539 896 3629 philosophi
917 3546 1021 3610 solent
1041 3543 1074 3608 in
1095 3541 1207 3610 officiis
1221 3550 1353 3609 tractare
1368 3576 1410 3590 -
1424 3561 1489 3605 non
1503 3561 1576 3606 cum
1591 3539 1632 3605 de

304 3645 393 3704 recto
409 3636 481 3724 ipso
499 3636 676 3725 disputant3
699 3658 772 3703 nam
793 3637 826 3704 id
848 3636 976 3726 quidam
998 3656 1096 3704 unum
1118 3643 1166 3703 est
1178 3671 1240 3714 -,
1264 3636 1456 3721 grammatici
1470 3635 1503 3699 in
1517 3635 1630 3720 potatis,

305 3733 490 3817 eloquentes
517 3734 551 3798 in
578 3733 665 3799 omni
691 3740 723 3800 et
747 3752 863 3817 genere
885 3741 917 3799 ct
937 3740 1027 3819 parte
1049 3751 1225 3798 causarum.
1271 3731 1373 3808 Quam
1395 3728 1479 3795 anim
1500 3726 1631 3794 indeco-

265 3841 377 3894 ttrum
399 3835 461 3903 eat,
483 3826 524 3893 de
546 3826 713 3895 stillicidiis
735 3849 806 3894 cum
828 3831 912 3913 apud
933 3847 1031 3894 unum
1051 3825 1188 3892 iudicem
1210 3825 1313 3901 dicas,
1337 3821 1538 3907 amplissimis
1559 3843 1633 3890 ver·

304 3915 355 3986 bis
377 3928 410 3987 et
431 3919 510 3988 locis
529 3921 578 3986 uti
600 3925 836 4000 communibus,
871 3925 911 3988 da
939 3925 1100 3988 maiestate
1127 3918 1237 4007 populi
1257 3919 1389 3986 Romani
1411 3915 1576 3983 summissa
1598 3921 1632 3981 et

302 4015 478 4082 subtiliter!
520 4019 623 4083 xxtl.
657 4019 718 4083 llic
738 4037 857 4102 genere
878 4024 964 4095 toto,
992 4023 1025 4082 at
1043 4033 1179 4102 persona
1199 4013 1253 4079 alii
1273 4019 1405 4100 peccant
1425 4021 1479 4078 aut
1499 4031 1556 4077 sua
1576 4017 1632 4076 ant

303 4110 444 4176 iudicum
466 4117 520 4176 aut
541 4113 636 4176 etiam
657 4112 928 4191 adversariorum,
959 4131 1018 4178 nec
1037 4131 1074 4176 re
1096 4111 1199 4175 solum
1221 4106 1392 4195 sedsaepe
1413 4104 1531 4186 verb03
1571 4102 1632 4171 etsi

173 4211 180 4226 ⁸
305 4202 373 4270 sine
400 4225 437 4272 re
464 4204 551 4272 nulla
578 4208 626 4273 vis
652 4204 745 4275 verbi
769 4215 835 4286 est,
873 4215 979 4273 tamen
1006 4205 1117 4272 eadem
1139 4224 1190 4271 res
1211 4225 1307 4290 saepe
1328 4212 1383 4272 aut
1402 4204 1557 4288 probatur
1577 4207 1632 4268 aut

378 4417 405 4468 1.
425 4416 474 4465 ctat
491 4416 567 4467 litus.
596 4440 628 4456 -
654 4417 683 4468 1.
710 4429 769 4467 cum
786 4422 847 4469 anta
866 4416 1000 4470 licentiam
1017 4429 1071 4468 om·
1089 4417 1124 4468 a.
1147 4441 1174 4454 ·-
1206 4415 1233 4468 1.
1254 4430 1314 4468 cum
1330 4416 1413 4468 ctiam
1429 4439 1441 4452 ·
1457 4438 1469 4452 ·
1485 4413 1631 4465 tmcrctont

306 4485 339 4539 tt.
360 4510 391 4523 —
421 4486 555 4538 catastae·
580 4499 640 4539 cum
666 4488 739 4539 ttbrts
756 4488 799 4539 R:
827 4488 960 4552 voluptati
987 4501 1047 4540 cum
1066 4488 1133 4540 dido
1152 4488 1184 4539 li.
1216 4483 1349 4548 (aoooslti
1372 4487 1480 4538 cumam
1497 4485 1631 4549 uoluptati

306 4557 431 4610 sobnam
450 4565 557 4610 auctora
576 4557 682 4611 Goctter
699 4561 726 4609 tn
745 4558 795 4609 aa.
814 4557 889 4624 mat.)
917 4581 947 4596 -·
979 4561 1023 4612 1⁰.
1052 4557 1266 4625 aspectibus.
1294 4582 1328 4593 -
1358 4559 1402 4608 11.
1421 4557 1488 4608 diod
1504 4556 1578 4607 litus.
1597 4577 1627 4592 ·-·

306 4628 350 4680 11.
370 4628 503 4680 craticula
528 4627 580 4681 (iu.
599 4631 626 4682 1.
644 4629 692 4690 2..
711 4630 744 4681 a.
766 4652 796 4666 -
827 4630 872 4684 ao.
891 4642 944 4681 uno
962 4642 1016 4682 om.
1037 4629 1109 4681 bins.
1135 4651 1170 4666 -
1202 4630 1246 4680 17.
1264 4629 1338 4680 titius
1356 4629 1430 4680 litus.
1454 4651 1487 4664 ·-
1517 4627 1561 4678 20.
1580 4621 1629 4690 cat]

306 4699 387 4750 attam
413 4698 487 4752 litus·
517 4725 552 4736 -
581 4699 699 4752 sitarum
727 4701 799 4752 litus.
832 4724 864 4738 -
893 4699 938 4749 13.
968 4706 993 4753 ct
1017 4699 1417 4764 praesumptuosissimus
1436 4695 1628 4749 atscbutatns.

305 4769 447 4822 Librorum
466 4771 607 4824 tcettoaem
625 4773 710 4824 tirmat
728 4773 813 4824 lulius
831 4771 923 4824 Vtctor
939 4783 966 4834 p.
987 4772 1047 4823 119.
1085 4771 1136 4823 lid.
1162 4770 1242 4821 Rom.
1273 4769 1327 4821 Cir.
1347 4769 1425 4821 fland
1444 4767 1522 4819 Tura.
1542 4767 1580 4819 11.
1600 4779 1628 4828 p.

305 4840 368 4893 171.
390 4864 422 4878 -
449 4841 494 4892 bt.
514 4856 567 4895 om.
586 4848 612 4894 et
631 4842 682 4895 du.
702 4843 727 4893 1.
747 4844 782 4894 R.
803 4867 832 4882 -·
860 4842 1028 4907 potocottbur
1045 4843 1100 4894 Vtt.
1120 4841 1192 4893 Etns.
1212 4841 1278 4892 Cod.
1299 4841 1365 4906 ltcg.
1384 4837 1485 4900 770³.;
1505 4838 1551 4890 scd
1568 4841 1631 4902 pot-

304 4914 385 4964 arottc
403 4912 508 4964 firmant
527 4911 579 4966 Ga·
598 4912 625 4963 1.
645 4914 673 4964 1.
693 4913 744 4972 a..
773 4917 910 4977 practerea
930 4912 1064 4966 Gbartstur
1083 4927 1110 4978 p·
1130 4913 1193 4964 112.
1212 4911 1242 4963 Ρ.
1263 4917 1289 4964 et
1306 4912 1390 4964 tultus
1409 4911 1500 4962 Victor
1516 4909 1534 4960 t.
1556 4908 1573 4959 t.
1596 4930 1628 4946 -

305 4983 350 5036 bb.
369 4995 453 5034 saura
470 4995 523 5034 om.
542 4983 616 5035 litas.
644 5009 678 5023 ·-
707 4984 753 5037 dd.
771 4986 804 5036 de
820 4981 1141 5036 messanensem.
1175 4981 1247 5034 lunt.
1268 4994 1321 5034 rec.
1342 4981 1413 5034 Crat.
1433 4994 1465 5034 er
1484 4977 1625 5043 interpot..

306 5058 387 5106 ettam
404 5053 528 5106 adversus
546 5055 703 5108 itomanam.
731 5079 766 5093 -
793 5053 837 5106 31.
856 5053 1012 5118 suppliciter
1028 5055 1064 5108 a.
1096 5077 1126 5094 ·-
1156 5051 1200 5108 88.
1219 5053 1266 5108 aad
1283 5055 1363 5107 ettam
1379 5051 1564 5118 mustitano
1583 5049 1629 5103 aad

305 5137 382 5191 saepe
400 5125 481 5178 sciam
497 5123 559 5178 ata.
578 5151 611 5167 -
629 5129 678 5181 stat
695 5127 766 5180 asco
781 5126 839 5178 das
854 5123 946 5178 bamb.
