3720 5840
258 433 299 498 60
667 461 670 470 ·
763 427 816 491 ab
839 419 1076 490 HERENNIUM

258 592 418 679 gidissima
440 579 541 669 cales3
573 589 605 657 in
627 589 855 654 ferventissima
877 586 984 672 friges.
1030 587 1137 651 Tacito
1160 606 1231 651 cum
1254 587 1333 668 opus
1355 592 1419 662 est,
1444 588 1578 667 clamas;

256 691 313 753 ubi
333 688 420 774 loqui
443 689 611 762 convenit,
636 683 837 750 obmutescis.
882 686 989 747 ddes‘l
1011 683 1122 746 abesse
1136 681 1201 758 vis;
1225 682 1325 744 abest
1347 683 1464 745 reverti
1478 684 1588 765 cupisa
1700 767 1706 774 .

256 786 292 850 In
315 804 393 866 pace
415 785 534 847 bellum
556 783 735 868 quaeritas;
773 781 806 843 in
836 776 921 843 bello
950 797 1059 864 pacem
1088 778 1261 841 desideras.
1305 777 1342 840 In
1372 778 1519 840 contione
1541 776 1580 841 de

256 881 371 943 uirtute
392 880 552 964 loquoris;
592 877 625 940 ia
657 875 787 974 proelio¹
812 893 887 960 prae
918 875 1043 957 ignavia
1069 874 1164 936 tubae
1195 873 1331 936 sonitum
1353 869 1494 957 perferre
1516 895 1579 938 nan

234 980 357 1059 spatas.
404 975 471 1036 lloc
493 991 609 1057 genere
631 973 657 1035 si
680 972 905 1056 distinguemus
927 971 1122 1045 orationem,
1160 975 1323 1052 etgraves
1346 976 1377 1033 et
1399 971 1501 1033 ornati
1522 990 1580 1053 po·

258 1069 386 1133 terimus
409 1087 489 1131 esse.

341 1165 393 1226 22.
425 1161 619 1227 Exclamatio
642 1167 712 1237 ost,
747 1181 827 1246 quae
857 1157 984 1225 conficit
1011 1155 1271 1243 significationem
1299 1156 1419 1224 doloris
1451 1168 1505 1226 aut
1531 1162 1580 1225 in-

256 1255 443 1342 dignationis
475 1256 605 1321 alicuius
636 1275 694 1342 per
726 1253 861 1320 bominis
892 1262 946 1318 aut
973 1255 1061 1318 urbis
1090 1261 1143 1318 ant
1170 1255 1233 1317 loci
1264 1261 1317 1317 aut
1338 1253 1385 1318 rei
1407 1256 1579 1337 cuiuspiam

256 1350 551 1437 compellationem,
576 1349 636 1416 boc
658 1352 772 1415 modo:
804 1353 849 1414 Te
869 1371 952 1414 nunc
974 1351 1136 1434 alloquor,
1160 1347 1328 1426 Africana,
1352 1352 1440 1413 cuius
1462 1352 1577 1414 mortui

218 1466 382 1533 aequoque
404 1467 519 1511 nomen
542 1447 704 1532 splendori
726 1467 762 1510 ac
784 1443 892 1509 decori
921 1452 968 1508 est
995 1441 1123 1507 civitati.
1169 1442 1226 1507 Tui
1256 1442 1419 1509 clarissimi
1447 1454 1578 1531 nepotes

255 1564 312 1630 suo
341 1543 492 1626 sanguine
523 1540 666 1606 aluerunt
694 1540 891 1606 inimicorum
925 1538 1151 1603 crudelitatem.
1197 1540 1295 1603 Item:
1331 1539 1357 1604 0
1390 1538 1578 1626 perfidiosae

254 1636 431 1722 Fregellae,
456 1656 549 1721 quam
570 1637 662 1700 facile
685 1639 804 1700 scelere
827 1642 932 1699 vestro
954 1632 1176 1698 contabuistisl
1200 1640 1250 1709 ut,
1275 1636 1363 1698 cuius
1386 1633 1469 1699 nitor
1490 1638 1578 1700 urbis

254 1731 373 1796 ltaliam
397 1751 496 1817 nuper
510 1731 696 1807 illustravit,
721 1733 789 1796 eius
803 1748 886 1794 nunc
900 1729 955 1793 vix
969 1727 1241 1793 fundamentorum
1257 1728 1408 1814 reliquiae
1424 1738 1577 1792 maneant.

254 1828 352 1891 Item:
373 1828 548 1890 'Bonorum
581 1827 779 1890 insidiatores
815 1823 979 1889 latrocinio
1015 1825 1110 1886 vitam
1144 1821 1388 1886 innocentissimi
1428 1825 1578 1907 cuiusque

217 1922 398 2006 sepelistis;
436 1928 594 1984 tantamne
627 1941 667 1984 ex
695 1921 857 2005 iniquitate
889 1919 1076 1983 iudiciorum
1100 1917 1212 1982 vestris
1236 1916 1399 1981 calumniis
1422 1917 1577 2006 assumitis

252 2013 454 2079 facultateml
489 2017 557 2079 llac
578 2013 801 2079 exclamatione
822 2016 848 2078 si
872 2013 942 2078 loco
964 2020 1110 2088 utemur,
1148 2031 1222 2076 raro
1245 2020 1368 2076 etcum
1391 2015 1437 2076 rei
1460 2015 1579 2097 magni-

254 2113 330 2174 tudo
352 2108 510 2195 postulare
533 2111 708 2186 videbitur,
746 2111 786 2174 ad
813 2130 906 2196 quam
929 2109 1072 2173 volemus
1096 2107 1340 2191 indignationem
1364 2109 1502 2171 animum
1523 2130 1578 2173 au·

254 2205 363 2269 ditaris
385 2203 587 2269 adducemus.

338 2301 547 2383 Interrogatio
570 2320 634 2363 non
656 2300 758 2364 omnis
782 2297 884 2383 gravis
907 2305 955 2362 est
975 2318 1078 2382 neque
1100 2296 1270 2376 concinna,
1295 2299 1349 2360 sed
1364 2295 1458 2372 baec,
1483 2317 1574 2382 quae,

216 2411 323 2458 secum
348 2403 529 2459 enumerata
551 2404 622 2458 sunt
643 2415 699 2469 ea,
733 2416 813 2479 quae
836 2396 951 2458 obsunt
973 2413 1084 2456 causae
1108 2393 1381 2466 adversariorum,
1415 2390 1578 2457 confirmat

253 2491 448 2574 superiorem
482 2492 681 2565 orationem,
718 2492 780 2554 hoc
812 2497 926 2572 pacto:
964 2486 1041 2552 Cum
1076 2489 1171 2572 igitur
1202 2490 1280 2551 baec
1307 2488 1411 2550 omnia
1444 2484 1575 2563 faceres,

253 2583 390 2660 diceres,
423 2587 677 2658 administrares,
711 2593 816 2650 utrum
840 2586 961 2648 animos
989 2582 1146 2646 sociomm
1169 2585 1208 2646 ab
1231 2601 1266 2645 re
1288 2580 1413 2666 publica
1435 2601 1578 2646 remove-

252 2681 308 2742 bas
331 2689 363 2742 et
383 2681 591 2752 abalienabas,
615 2701 654 2743 an
677 2684 766 2744 nont
788 2681 847 2742 Et:
875 2680 979 2742 Utrum
1002 2677 1137 2764 aliquem
1161 2680 1319 2742 exhortam
1342 2678 1498 2758 oportuit,
1522 2679 1575 2764 qui

252 2775 309 2837 ista
333 2781 363 2836 te
384 2772 565 2857 prohiberet
586 2793 622 2837 ac
643 2775 711 2837 fieri
734 2795 798 2838 non
820 2775 955 2846 sineret,
979 2794 1019 2836 an
1042 2777 1131 2835 non‘l

214 2882 242 2924 2⁵
336 2869 419 2931 XVI.
445 2871 497 2932 23.
524 2867 730 2932 Ratiocinatio
753 2877 817 2942 est,
853 2886 912 2951 per
939 2887 1030 2952 qnam
1060 2865 1120 2949 ipsi
1142 2887 1160 2930 a
1182 2866 1274 2930 nobis
1298 2865 1452 2930 rationem
1473 2867 1577 2953 posci-

252 2981 343 3037 mus,
369 2983 467 3046 quare
490 2965 628 3048 quidque
652 2963 808 3037 dicamus,
843 2971 875 3025 et
896 2964 1010 3026 crebro
1032 2970 1156 3025 nosmet
1177 2982 1195 3024 a
1217 2962 1308 3025 nobis
1329 2963 1463 3045 petimus
1485 2965 1576 3027 unius

252 3057 403 3141 cuiusque
423 3057 648 3142 propositionis
663 3055 929 3139 explanationem.
974 3059 1018 3119 lla
1039 3065 1086 3120 est
1100 3057 1302 3121 huiusmodi:
1326 3057 1462 3120 Maiores
1477 3059 1576 3121 nostri

252 3151 392 3235 siquam
416 3152 507 3214 unius
530 3153 650 3233 peccati
672 3151 835 3215 mulierem
858 3153 1068 3223 damnabant,
1107 3150 1240 3234 simplici
1269 3152 1386 3213 iudicio
1408 3150 1576 3215 multomm

252 3241 477 3310 maleficiorum
500 3244 674 3310 convictam
696 3249 858 3332 putabant.
913 3246 984 3322 Quo
1007 3249 1122 3330 pacto?
1154 3244 1326 3322 Quoniam.
1360 3265 1453 3331 quam
1475 3245 1577 3329 impu·

215 3337 353 3401 sedicem
388 3337 578 3414 iudicarant,
626 3361 663 3404 ea
689 3338 829 3404 veneficii
862 3360 986 3426 quoque
1021 3338 1164 3404 damnata
1202 3339 1448 3406 existimabatur.
1492 3339 1576 3417 Quid

252 3437 320 3497 ital
358 3435 437 3511 Quia
466 3455 594 3499 necesse
624 3443 671 3500 est
697 3455 784 3507 eam,
821 3455 901 3519 quae
933 3455 1022 3498 suum
1054 3455 1168 3516 corpus
1198 3432 1352 3500 addixerit
1378 3433 1576 3520 turpissimae

252 3528 428 3611 cupiditati,
464 3529 574 3595 timere
597 3529 780 3613 permultos.
827 3531 914 3604 Quos
937 3528 1037 3592 istos‘t
1075 3531 1204 3604 Virum,
1240 3539 1405 3613 parentes,
1439 3539 1573 3606 ceteros,

252 3620 290 3686 ad
315 3643 394 3708 quos
415 3623 500 3688 videt
530 3626 577 3688 sui
610 3623 774 3689 dedecoris
802 3623 959 3686 infamiam
988 3621 1158 3707 pertinere.
1204 3623 1285 3701 Quid
1321 3627 1452 3706 posteat
1489 3625 1576 3701 Quos

251 3724 336 3780 tanto
361 3736 457 3802 opere
480 3720 607 3795 timeat,
633 3741 687 3784 eos
710 3740 838 3784 necesse
863 3725 929 3791 est,
954 3724 1003 3788 ut,
1028 3738 1156 3803 quoquo
1173 3721 1265 3783 modo
1282 3720 1398 3802 possit,
1422 3718 1574 3784 veneficio

214 3819 345 3892 sspetat.
391 3811 478 3876 Cur‘l
503 3813 585 3890 Quia
607 3817 693 3878 nulla
715 3819 820 3897 potest
841 3815 970 3874 honesta
986 3814 1067 3874 ratio
1084 3814 1221 3876 retinere
1236 3835 1325 3888 eam,
1350 3834 1441 3898 quam
1459 3814 1576 3897 magni-

251 3907 327 3969 tudo
349 3908 469 3990 peccati
491 3907 566 3970 iacit
593 3909 755 3982 timidam,
793 3907 1032 3987 intemperantia
1065 3905 1235 3982 audacem,
1273 3915 1381 3971 natura
1414 3906 1575 3972 muliebris

250 3997 523 4066 inconsideratam.
568 4003 650 4080 Quid
684 4000 829 4067 veneficii
864 4003 1064 4065 damnatam?
1104 3999 1230 4087 [Quina]
1264 4004 1419 4067 Putabant
1441 4003 1577 4085 impudi-

250 4114 319 4157 cam
343 4115 468 4181 quoque
492 4099 682 4162 necessario.
727 4097 855 4174 Quare‘l
893 4095 974 4172 Quia
1005 4097 1090 4159 nulla
1119 4093 1240 4160 facilius
1270 4096 1364 4160 adid
1388 4095 1574 4161 maleficium

250 4210 344 4252 causa
366 4211 459 4275 quam
482 4194 580 4275 turpis
603 4212 693 4255 amor
715 4198 747 4254 et
769 4191 979 4274 intemperans
1002 4190 1100 4253 libido
1123 4210 1323 4254 commovere
1339 4194 1460 4273 poluit;
1486 4192 1575 4255 cuius

213 4283 392 4348 samalieris
414 4287 535 4349 animus
558 4296 639 4350 esset
661 4293 846 4368 corruptus,
880 4285 947 4348 eius
979 4305 1093 4366 corpus
1122 4292 1239 4348 castum
1262 4307 1331 4350 esse
1355 4307 1418 4350 non
1447 4297 1576 4368 putave-

251 4384 334 4442 runt.
380 4378 462 4455 Quid
496 4382 527 4443 in
556 4382 656 4445 viris‘t
690 4379 817 4443 ldemne
848 4381 908 4442 hoc
940 4381 1173 4443 observabant?
1208 4379 1347 4444 Minime.
1391 4383 1474 4459 Quid
1507 4383 1574 4446 ital

250 4473 331 4550 Quia
354 4474 438 4537 viros
460 4477 499 4539 ad
522 4496 619 4539 unum
643 4477 790 4561 quodque
813 4472 998 4538 maleficium
1022 4474 1164 4557 singulae
1180 4474 1367 4558 cupiditates
1389 4475 1573 4560 impellunt:

319 4635 345 4685 5.
364 4643 387 4685 et
406 4649 500 4699 pronas
519 4642 543 4686 st
560 4639 651 4687 ornati
670 4637 823 4688 Paneas:
845 4644 867 4686 st
888 4635 978 4685 amati
995 4641 1020 4684 at
1037 4649 1131 4698 praees
1152 4639 1181 4688 ll.
1206 4661 1231 4672 -
1252 4639 1293 4686 tl.
1315 4637 1406 4689 Oom.
1421 4639 1520 4688 Plill'l.
1542 4664 1573 4675 -

250 4707 293 4757 td.
315 4709 450 4756 assumatis
470 4708 487 4756 l*
506 4715 533 4759 et
553 4721 590 4768 pr.
611 4708 649 4763 Α.
670 4709 850 4772 assumpsistis
869 4706 890 4754 B
910 4712 936 4755 et
955 4718 1022 4755 corr.
1038 4708 1075 4766 Α,
1097 4711 1158 4757 ltem
1178 4708 1207 4756 1..
1237 4732 1270 4742 -
1296 4707 1338 4757 23.
1360 4718 1384 4759 et
1402 4709 1575 4759 abalienabas

249 4777 329 4827 l‘llF:
357 4785 380 4827 st
401 4779 537 4829 alienabas
555 4780 609 4830 ΤΕ.
630 4779 692 4838 (om.
709 4781 729 4830 ll
749 4773 922 4838 alcoran.)
947 4799 979 4812 -
1010 4776 1149 4828 subactast
1166 4779 1204 4828 T:
1224 4781 1346 4828 scortari
1363 4781 1384 4830 B
1403 4789 1429 4833 et
1448 4793 1514 4830 corr.
1536 4779 1569 4831 P.

248 4849 481 4898 ssomasillcum
496 4850 602 4900 nattes
621 4862 658 4909 pr.
675 4850 703 4899 Ρ.
721 4875 748 4886 -·
764 4849 807 4899 94.
826 4851 882 4897 s'sta
900 4853 923 4896 ts
942 4846 977 4895 l’:
997 4847 1051 4895 ista
1065 4863 1116 4897 om.
1135 4849 1204 4906 salt,
1224 4851 1286 4898 issac
1305 4851 1362 4912 (stc)
1376 4852 1406 4907 B.
1426 4852 1480 4898 s'sta
1497 4851 1574 4899 velta

249 4932 282 4967 aa
295 4917 322 4976 F,
337 4919 384 4968 itta
398 4922 429 4972 ll.
444 4921 497 4968 ista
510 4928 534 4970 st
543 4923 575 4971 Τ.
592 4944 617 4954 -
635 4920 677 4968 30.
699 4935 768 4970 ea··
780 4921 909 4969 damnata
919 4917 1119 4968 existimabatur
1134 4920 1211 4969 PFT:
1233 4934 1289 4969 som
1299 4946 1310 4956 -
1326 4946 1337 4957 ·
1350 4923 1507 4971 damnatam
1520 4923 1574 4968 sart·

249 4989 392 5039 sts'mabunt
406 4990 506 5040 abac.
521 5018 549 5028 -
567 4989 610 5039 37.
633 4989 703 5050 Quid
715 4999 775 5042 ante
787 4989 920 5051 putabant
933 5001 985 5036 om.
999 4987 1055 5038 ΒΤ.
1075 4989 1128 5040 Nos
1139 4992 1303 5042 seclusimus.
1321 5019 1349 5029 -
1371 4993 1414 5042 39.
1429 5004 1487 5040 sum
1499 4991 1574 5042 cuius

250 5060 387 5110 l‘bllFllT
408 5074 466 5110 cum
490 5066 583 5112 ceterts
604 5059 687 5108 abra.
715 5061 872 5112 limandavtt
891 5057 953 5108 Era.
978 5082 1001 5093 -
1026 5059 1432 5128 d1.1dsmnsltocl‘slltque,
1462 5061 1571 5114 lamb:

251 5130 355 5183 ldsmas
374 5133 437 5194 (om.
452 5129 509 5196 boc)
527 5129 673 5182 ABFRTE.
